SN,Symbol,Transaction No.,Buyer Broker,Seller Broker,Share Quantity,Rate(Rs),Amount(Rs),Traded Date
1,HRL,2024031005000001,8,55,10.00,624.00,"6,240.00",2024-03-10
2,HRL,2024031005000002,35,58,10.00,625.00,"6,250.00",2024-03-10
3,HRL,2024031005000003,5,52,10.00,626.00,"6,260.00",2024-03-10
4,HRL,2024031005000009,34,45,100.00,630.00,"63,000.00",2024-03-10
5,HRL,2024031005000021,54,48,100.00,629.90,"62,990.00",2024-03-10
6,HRL,2024031005000022,25,48,100.00,629.90,"62,990.00",2024-03-10
7,HRL,2024031005000023,58,58,10.00,626.00,"6,260.00",2024-03-10
8,HRL,2024031005000029,34,17,10.00,627.00,"6,270.00",2024-03-10
9,HRL,2024031005000030,42,58,10.00,628.00,"6,280.00",2024-03-10
10,HRL,2024031005000032,25,48,100.00,629.90,"62,990.00",2024-03-10
11,HRL,2024031005000034,42,48,200.00,629.90,"125,980.00",2024-03-10
12,HRL,2024031005000035,42,34,70.00,629.90,"44,093.00",2024-03-10
13,HRL,2024031005000036,42,46,10.00,629.90,"6,299.00",2024-03-10
14,HRL,2024031005000037,42,34,20.00,629.90,"12,598.00",2024-03-10
15,HRL,2024031005000040,58,34,10.00,629.00,"6,290.00",2024-03-10
16,HRL,2024031005000041,59,45,10.00,627.10,"6,271.00",2024-03-10
17,HRL,2024031005000044,59,7,10.00,627.10,"6,271.00",2024-03-10
18,HRL,2024031005000045,59,22,10.00,627.10,"6,271.00",2024-03-10
19,HRL,2024031005000049,59,22,20.00,627.10,"12,542.00",2024-03-10
20,HRL,2024031005000050,47,34,70.00,629.00,"44,030.00",2024-03-10
21,HRL,2024031005000051,47,58,10.00,629.00,"6,290.00",2024-03-10
22,HRL,2024031005000053,47,38,10.00,629.00,"6,290.00",2024-03-10
23,HRL,2024031005000057,59,22,10.00,627.10,"6,271.00",2024-03-10
24,HRL,2024031005000058,34,22,10.00,627.00,"6,270.00",2024-03-10
25,HRL,2024031005000067,34,21,10.00,627.00,"6,270.00",2024-03-10
26,HRL,2024031005000068,34,22,20.00,627.00,"12,540.00",2024-03-10
27,HRL,2024031005000069,34,4,20.00,627.00,"12,540.00",2024-03-10
28,HRL,2024031005000070,34,38,20.00,627.00,"12,540.00",2024-03-10
29,HRL,2024031005000071,34,22,10.00,627.00,"6,270.00",2024-03-10
30,HRL,2024031005000076,18,88,30.00,627.00,"18,810.00",2024-03-10
31,HRL,2024031005000077,42,22,10.00,626.50,"6,265.00",2024-03-10
32,HRL,2024031005000080,8,88,200.00,627.00,"125,400.00",2024-03-10
33,HRL,2024031005000101,33,88,270.00,627.00,"169,290.00",2024-03-10
34,HRL,2024031005000102,33,88,230.00,627.00,"144,210.00",2024-03-10
35,HRL,2024031005000104,34,49,20.00,626.60,"12,532.00",2024-03-10
36,HRL,2024031005000105,34,4,80.00,626.60,"50,128.00",2024-03-10
37,HRL,2024031005000109,42,45,10.00,626.50,"6,265.00",2024-03-10
38,HRL,2024031005000110,42,8,10.00,626.50,"6,265.00",2024-03-10
39,HRL,2024031005000111,57,4,20.00,626.60,"12,532.00",2024-03-10
40,HRL,2024031005000112,57,48,80.00,626.60,"50,128.00",2024-03-10
41,HRL,2024031005000113,57,58,10.00,626.60,"6,266.00",2024-03-10
42,HRL,2024031005000114,57,88,90.00,627.00,"56,430.00",2024-03-10
43,HRL,2024031005000115,42,58,20.00,626.50,"12,530.00",2024-03-10
44,HRL,2024031005000116,42,14,80.00,626.50,"50,120.00",2024-03-10
45,HRL,2024031005000120,58,28,10.00,626.00,"6,260.00",2024-03-10
46,HRL,2024031005000122,58,49,10.00,626.00,"6,260.00",2024-03-10
47,HRL,2024031005000128,58,28,10.00,626.00,"6,260.00",2024-03-10
48,HRL,2024031005000129,1,28,300.00,626.00,"187,800.00",2024-03-10
49,HRL,2024031005000130,10,28,20.00,626.00,"12,520.00",2024-03-10
50,HRL,2024031005000131,45,28,300.00,626.00,"187,800.00",2024-03-10
51,HRL,2024031005000132,52,28,15.00,626.00,"9,390.00",2024-03-10
52,HRL,2024031005000133,13,49,10.00,625.00,"6,250.00",2024-03-10
53,HRL,2024031005000134,13,14,420.00,625.00,"262,500.00",2024-03-10
54,HRL,2024031005000137,13,8,20.00,625.00,"12,500.00",2024-03-10
55,HRL,2024031005000138,13,56,10.00,625.00,"6,250.00",2024-03-10
56,HRL,2024031005000139,13,58,20.00,625.00,"12,500.00",2024-03-10
57,HRL,2024031005000140,13,42,10.00,625.00,"6,250.00",2024-03-10
58,HRL,2024031005000141,13,6,10.00,625.00,"6,250.00",2024-03-10
59,HRL,2024031005000143,58,28,55.00,626.00,"34,430.00",2024-03-10
60,HRL,2024031005000144,58,88,180.00,627.00,"112,860.00",2024-03-10
61,HRL,2024031005000145,58,59,10.00,627.00,"6,270.00",2024-03-10
62,HRL,2024031005000146,58,95,10.00,627.00,"6,270.00",2024-03-10
63,HRL,2024031005000147,58,58,10.00,627.00,"6,270.00",2024-03-10
64,HRL,2024031005000148,58,49,20.00,627.00,"12,540.00",2024-03-10
65,HRL,2024031005000149,58,38,10.00,627.00,"6,270.00",2024-03-10
66,HRL,2024031005000151,58,6,10.00,627.00,"6,270.00",2024-03-10
67,HRL,2024031005000153,58,6,10.00,627.00,"6,270.00",2024-03-10
68,HRL,2024031005000154,58,14,10.00,627.00,"6,270.00",2024-03-10
69,HRL,2024031005000157,58,1,10.00,627.00,"6,270.00",2024-03-10
70,HRL,2024031005000158,58,4,10.00,627.00,"6,270.00",2024-03-10
71,HRL,2024031005000159,58,51,20.00,627.00,"12,540.00",2024-03-10
72,HRL,2024031005000160,58,6,10.00,627.00,"6,270.00",2024-03-10
73,HRL,2024031005000162,58,49,10.00,627.00,"6,270.00",2024-03-10
74,HRL,2024031005000164,47,42,11.00,627.10,"6,898.10",2024-03-10
75,HRL,2024031005000165,58,50,30.00,627.00,"18,810.00",2024-03-10
76,HRL,2024031005000167,58,54,10.00,627.00,"6,270.00",2024-03-10
77,HRL,2024031005000168,1,3,20.00,628.00,"12,560.00",2024-03-10
78,HRL,2024031005000169,1,34,20.00,628.00,"12,560.00",2024-03-10
79,HRL,2024031005000172,1,34,10.00,628.00,"6,280.00",2024-03-10
80,HRL,2024031005000173,1,49,10.00,628.00,"6,280.00",2024-03-10
81,HRL,2024031005000176,1,34,10.00,628.00,"6,280.00",2024-03-10
82,HRL,2024031005000178,1,35,10.00,628.00,"6,280.00",2024-03-10
83,HRL,2024031005000179,1,8,10.00,628.00,"6,280.00",2024-03-10
84,HRL,2024031005000180,1,49,20.00,628.00,"12,560.00",2024-03-10
85,HRL,2024031005000181,1,47,10.00,628.00,"6,280.00",2024-03-10
86,HRL,2024031005000182,58,58,10.00,627.00,"6,270.00",2024-03-10
87,HRL,2024031005000184,58,33,20.00,627.00,"12,540.00",2024-03-10
88,HRL,2024031005000185,58,42,10.00,627.00,"6,270.00",2024-03-10
89,HRL,2024031005000191,58,58,20.00,627.00,"12,540.00",2024-03-10
90,HRL,2024031005000192,58,33,15.00,627.00,"9,405.00",2024-03-10
91,HRL,2024031005000193,33,3,500.00,627.00,"313,500.00",2024-03-10
92,HRL,2024031005000194,50,49,20.00,627.00,"12,540.00",2024-03-10
93,HRL,2024031005000195,50,33,20.00,627.00,"12,540.00",2024-03-10
94,HRL,2024031005000198,50,33,20.00,627.00,"12,540.00",2024-03-10
95,HRL,2024031005000202,16,33,10.00,627.10,"6,271.00",2024-03-10
96,HRL,2024031005000205,42,56,10.00,628.00,"6,280.00",2024-03-10
97,HRL,2024031005000206,42,17,100.00,628.00,"62,800.00",2024-03-10
98,HRL,2024031005000208,42,51,20.00,628.00,"12,560.00",2024-03-10
99,HRL,2024031005000209,42,58,10.00,628.00,"6,280.00",2024-03-10
100,HRL,2024031005000210,38,49,10.00,629.00,"6,290.00",2024-03-10
101,HRL,2024031005000211,38,22,10.00,629.00,"6,290.00",2024-03-10
102,HRL,2024031005000212,38,58,10.00,629.00,"6,290.00",2024-03-10
103,HRL,2024031005000213,38,42,10.00,629.00,"6,290.00",2024-03-10
104,HRL,2024031005000215,1,8,10.00,629.00,"6,290.00",2024-03-10
105,HRL,2024031005000217,42,3,500.00,628.00,"314,000.00",2024-03-10
106,HRL,2024031005000224,42,58,30.00,628.00,"18,840.00",2024-03-10
107,HRL,2024031005000226,86,14,20.00,628.10,"12,562.00",2024-03-10
108,HRL,2024031005000229,86,17,20.00,628.10,"12,562.00",2024-03-10
109,HRL,2024031005000231,86,38,460.00,628.10,"288,926.00",2024-03-10
110,HRL,2024031005000232,86,38,500.00,628.10,"314,050.00",2024-03-10
111,HRL,2024031005000235,43,38,15.00,628.10,"9,421.50",2024-03-10
112,HRL,2024031005000236,42,57,10.00,628.00,"6,280.00",2024-03-10
113,HRL,2024031005000238,42,57,10.00,628.00,"6,280.00",2024-03-10
114,HRL,2024031005000241,42,55,10.00,628.00,"6,280.00",2024-03-10
115,HRL,2024031005000242,42,6,171.00,628.00,"107,388.00",2024-03-10
116,HRL,2024031005000249,42,6,30.00,628.00,"18,840.00",2024-03-10
117,HRL,2024031005000262,16,41,10.00,627.10,"6,271.00",2024-03-10
118,HRL,2024031005000263,38,45,10.00,627.90,"6,279.00",2024-03-10
119,HRL,2024031005000265,52,45,10.00,627.90,"6,279.00",2024-03-10
120,HRL,2024031005000267,16,58,20.00,627.10,"12,542.00",2024-03-10
121,HRL,2024031005000272,16,19,58.00,627.10,"36,371.80",2024-03-10
122,HRL,2024031005000276,50,59,40.00,627.00,"25,080.00",2024-03-10
123,HRL,2024031005000277,1,59,60.00,627.00,"37,620.00",2024-03-10
124,HRL,2024031005000285,34,58,10.00,627.10,"6,271.00",2024-03-10
125,HRL,2024031005000286,34,4,10.00,627.10,"6,271.00",2024-03-10
126,HRL,2024031005000289,34,49,10.00,627.10,"6,271.00",2024-03-10
127,HRL,2024031005000290,34,58,10.00,627.10,"6,271.00",2024-03-10
128,HRL,2024031005000291,34,4,10.00,627.10,"6,271.00",2024-03-10
129,HRL,2024031005000292,34,6,10.00,627.10,"6,271.00",2024-03-10
130,HRL,2024031005000293,34,35,20.00,627.10,"12,542.00",2024-03-10
131,HRL,2024031005000294,34,48,30.00,627.10,"18,813.00",2024-03-10
132,HRL,2024031005000295,34,60,20.00,627.10,"12,542.00",2024-03-10
133,HRL,2024031005000300,34,58,10.00,627.10,"6,271.00",2024-03-10
134,HRL,2024031005000301,34,32,300.00,627.10,"188,130.00",2024-03-10
135,HRL,2024031005000303,34,74,60.00,627.10,"37,626.00",2024-03-10
136,HRL,2024031005000304,1,74,200.00,627.00,"125,400.00",2024-03-10
137,HRL,2024031005000305,17,49,10.00,627.00,"6,270.00",2024-03-10
138,HRL,2024031005000306,17,35,30.00,627.00,"18,810.00",2024-03-10
139,HRL,2024031005000309,17,34,10.00,627.00,"6,270.00",2024-03-10
140,HRL,2024031005000310,26,4,20.00,626.10,"12,522.00",2024-03-10
141,HRL,2024031005000311,26,43,10.00,626.10,"6,261.00",2024-03-10
142,HRL,2024031005000314,26,53,10.00,626.10,"6,261.00",2024-03-10
143,HRL,2024031005000315,26,6,20.00,626.10,"12,522.00",2024-03-10
144,HRL,2024031005000322,26,11,40.00,626.10,"25,044.00",2024-03-10
145,HRL,2024031005000323,13,11,90.00,625.00,"56,250.00",2024-03-10
146,HRL,2024031005000324,13,67,10.00,625.00,"6,250.00",2024-03-10
147,HRL,2024031005000326,13,94,10.00,625.00,"6,250.00",2024-03-10
148,HRL,2024031005000327,13,48,30.00,625.00,"18,750.00",2024-03-10
149,HRL,2024031005000328,13,14,10.00,625.00,"6,250.00",2024-03-10
150,HRL,2024031005000337,13,45,20.00,625.00,"12,500.00",2024-03-10
151,HRL,2024031005000338,57,56,20.00,625.10,"12,502.00",2024-03-10
152,HRL,2024031005000340,57,58,20.00,625.10,"12,502.00",2024-03-10
153,HRL,2024031005000342,57,42,10.00,625.10,"6,251.00",2024-03-10
154,HRL,2024031005000344,57,63,10.00,625.10,"6,251.00",2024-03-10
155,HRL,2024031005000351,57,58,20.00,625.10,"12,502.00",2024-03-10
156,HRL,2024031005000352,44,58,10.00,625.10,"6,251.00",2024-03-10
157,HRL,2024031005000353,44,42,10.00,625.10,"6,251.00",2024-03-10
158,HRL,2024031005000354,13,58,10.00,625.00,"6,250.00",2024-03-10
159,HRL,2024031005000357,57,58,10.00,625.10,"6,251.00",2024-03-10
160,HRL,2024031005000358,13,35,10.00,625.00,"6,250.00",2024-03-10
161,HRL,2024031005000359,13,35,10.00,625.00,"6,250.00",2024-03-10
162,HRL,2024031005000360,13,38,20.00,625.00,"12,500.00",2024-03-10
163,HRL,2024031005000361,13,49,10.00,625.00,"6,250.00",2024-03-10
164,HRL,2024031005000363,13,57,80.00,625.00,"50,000.00",2024-03-10
165,HRL,2024031005000365,13,49,10.00,625.00,"6,250.00",2024-03-10
166,HRL,2024031005000366,45,46,10.00,626.00,"6,260.00",2024-03-10
167,HRL,2024031005000367,45,48,10.00,626.00,"6,260.00",2024-03-10
168,HRL,2024031005000368,45,58,20.00,626.00,"12,520.00",2024-03-10
169,HRL,2024031005000372,45,55,10.00,626.00,"6,260.00",2024-03-10
170,HRL,2024031005000382,13,38,10.00,625.00,"6,250.00",2024-03-10
171,HRL,2024031005000383,13,48,30.00,625.00,"18,750.00",2024-03-10
172,HRL,2024031005000384,13,45,140.00,625.00,"87,500.00",2024-03-10
173,HRL,2024031005000385,29,45,55.00,625.00,"34,375.00",2024-03-10
174,HRL,2024031005000386,58,45,30.00,625.00,"18,750.00",2024-03-10
175,HRL,2024031005000387,47,45,10.00,625.00,"6,250.00",2024-03-10
176,HRL,2024031005000388,89,45,10.00,625.00,"6,250.00",2024-03-10
177,HRL,2024031005000389,16,45,200.00,624.20,"124,840.00",2024-03-10
178,HRL,2024031005000390,1,45,10.00,624.10,"6,241.00",2024-03-10
179,HRL,2024031005000391,50,45,10.00,624.00,"6,240.00",2024-03-10
180,HRL,2024031005000392,8,45,11.00,624.00,"6,864.00",2024-03-10
181,HRL,2024031005000393,22,45,10.00,624.00,"6,240.00",2024-03-10
182,HRL,2024031005000394,1,45,30.00,624.00,"18,720.00",2024-03-10
183,HRL,2024031005000395,44,45,10.00,624.00,"6,240.00",2024-03-10
184,HRL,2024031005000396,89,45,10.00,624.00,"6,240.00",2024-03-10
185,HRL,2024031005000397,8,45,32.00,624.00,"19,968.00",2024-03-10
186,HRL,2024031005000398,5,45,50.00,624.00,"31,200.00",2024-03-10
187,HRL,2024031005000399,86,38,10.00,623.30,"6,233.00",2024-03-10
188,HRL,2024031005000407,42,45,200.00,624.00,"124,800.00",2024-03-10
189,HRL,2024031005000408,32,45,182.00,624.00,"113,568.00",2024-03-10
190,HRL,2024031005000409,32,57,18.00,624.00,"11,232.00",2024-03-10
191,HRL,2024031005000410,58,38,20.00,623.40,"12,468.00",2024-03-10
192,HRL,2024031005000411,58,57,20.00,623.40,"12,468.00",2024-03-10
193,HRL,2024031005000414,86,57,100.00,623.30,"62,330.00",2024-03-10
194,HRL,2024031005000415,32,57,80.00,623.40,"49,872.00",2024-03-10
195,HRL,2024031005000416,32,55,20.00,623.40,"12,468.00",2024-03-10
196,HRL,2024031005000417,86,38,10.00,623.30,"6,233.00",2024-03-10
197,HRL,2024031005000418,86,8,10.00,623.30,"6,233.00",2024-03-10
198,HRL,2024031005000419,86,55,70.00,623.30,"43,631.00",2024-03-10
199,HRL,2024031005000420,86,49,20.00,623.30,"12,466.00",2024-03-10
200,HRL,2024031005000421,86,32,10.00,623.30,"6,233.00",2024-03-10
201,HRL,2024031005000422,86,58,10.00,623.30,"6,233.00",2024-03-10
202,HRL,2024031005000423,86,29,10.00,623.30,"6,233.00",2024-03-10
203,HRL,2024031005000424,86,36,10.00,623.30,"6,233.00",2024-03-10
204,HRL,2024031005000425,86,42,20.00,623.30,"12,466.00",2024-03-10
205,HRL,2024031005000429,38,57,82.00,624.00,"51,168.00",2024-03-10
206,HRL,2024031005000430,38,6,10.00,624.00,"6,240.00",2024-03-10
207,HRL,2024031005000431,38,26,20.00,624.00,"12,480.00",2024-03-10
208,HRL,2024031005000439,42,47,10.00,625.00,"6,250.00",2024-03-10
209,HRL,2024031005000440,42,49,10.00,625.00,"6,250.00",2024-03-10
210,HRL,2024031005000441,42,49,10.00,625.00,"6,250.00",2024-03-10
211,HRL,2024031005000442,42,51,20.00,625.00,"12,500.00",2024-03-10
212,HRL,2024031005000443,86,21,10.00,623.30,"6,233.00",2024-03-10
213,HRL,2024031005000446,42,38,10.00,624.00,"6,240.00",2024-03-10
214,HRL,2024031005000447,42,14,10.00,625.00,"6,250.00",2024-03-10
215,HRL,2024031005000448,42,26,20.00,625.00,"12,500.00",2024-03-10
216,HRL,2024031005000449,42,11,10.00,625.00,"6,250.00",2024-03-10
217,HRL,2024031005000450,42,6,10.00,625.00,"6,250.00",2024-03-10
218,HRL,2024031005000451,42,29,10.00,625.00,"6,250.00",2024-03-10
219,HRL,2024031005000452,42,22,10.00,625.00,"6,250.00",2024-03-10
220,HRL,2024031005000453,42,20,30.00,625.00,"18,750.00",2024-03-10
221,HRL,2024031005000454,42,17,20.00,625.00,"12,500.00",2024-03-10
222,HRL,2024031005000457,42,29,10.00,625.00,"6,250.00",2024-03-10
223,HRL,2024031005000458,42,56,120.00,625.00,"75,000.00",2024-03-10
224,HRL,2024031005000460,42,36,10.00,625.00,"6,250.00",2024-03-10
225,HRL,2024031005000461,42,48,10.00,625.00,"6,250.00",2024-03-10
226,HRL,2024031005000475,42,17,10.00,625.00,"6,250.00",2024-03-10
227,HRL,2024031005000478,42,49,50.00,625.00,"31,250.00",2024-03-10
228,HRL,2024031005000483,42,57,10.00,625.00,"6,250.00",2024-03-10
229,HRL,2024031005000490,42,38,10.00,625.00,"6,250.00",2024-03-10
230,HRL,2024031005000491,42,48,30.00,625.00,"18,750.00",2024-03-10
231,HRL,2024031005000493,42,42,10.00,625.00,"6,250.00",2024-03-10
232,HRL,2024031005000494,1,16,10.00,626.00,"6,260.00",2024-03-10
233,HRL,2024031005000495,42,35,10.00,625.00,"6,250.00",2024-03-10
234,HRL,2024031005000498,42,55,70.00,625.00,"43,750.00",2024-03-10
235,HRL,2024031005000506,58,55,30.00,625.00,"18,750.00",2024-03-10
236,HRL,2024031005000507,58,45,104.00,625.00,"65,000.00",2024-03-10
237,HRL,2024031005000513,59,21,20.00,624.00,"12,480.00",2024-03-10
238,HRL,2024031005000517,32,45,30.00,625.00,"18,750.00",2024-03-10
239,HRL,2024031005000518,34,58,20.00,624.10,"12,482.00",2024-03-10
240,HRL,2024031005000520,34,42,20.00,624.10,"12,482.00",2024-03-10
241,HRL,2024031005000526,8,21,20.00,624.10,"12,482.00",2024-03-10
242,HRL,2024031005000539,29,51,20.00,624.20,"12,484.00",2024-03-10
243,HRL,2024031005000548,83,45,866.00,625.00,"541,250.00",2024-03-10
244,HRL,2024031005000549,83,42,10.00,625.00,"6,250.00",2024-03-10
245,HRL,2024031005000550,83,49,10.00,625.00,"6,250.00",2024-03-10
246,HRL,2024031005000551,83,7,150.00,625.00,"93,750.00",2024-03-10
247,HRL,2024031005000552,83,42,20.00,625.00,"12,500.00",2024-03-10
248,HRL,2024031005000553,83,21,405.00,625.00,"253,125.00",2024-03-10
249,HRL,2024031005000554,83,6,10.00,625.00,"6,250.00",2024-03-10
250,HRL,2024031005000557,83,49,20.00,625.00,"12,500.00",2024-03-10
251,HRL,2024031005000561,29,10,20.00,624.20,"12,484.00",2024-03-10
252,HRL,2024031005000563,44,54,10.00,625.00,"6,250.00",2024-03-10
253,HRL,2024031005000564,44,35,20.00,625.00,"12,500.00",2024-03-10
254,HRL,2024031005000565,44,45,10.00,625.00,"6,250.00",2024-03-10
255,HRL,2024031005000566,44,54,10.00,625.00,"6,250.00",2024-03-10
256,HRL,2024031005000567,29,7,10.00,624.20,"6,242.00",2024-03-10
257,HRL,2024031005000572,83,36,10.00,625.00,"6,250.00",2024-03-10
258,HRL,2024031005000573,83,4,10.00,625.00,"6,250.00",2024-03-10
259,HRL,2024031005000574,83,21,20.00,625.00,"12,500.00",2024-03-10
260,HRL,2024031005000577,83,49,10.00,625.00,"6,250.00",2024-03-10
261,HRL,2024031005000578,83,21,20.00,625.00,"12,500.00",2024-03-10
262,HRL,2024031005000589,83,55,100.00,625.00,"62,500.00",2024-03-10
263,HRL,2024031005000592,83,38,10.00,625.00,"6,250.00",2024-03-10
264,HRL,2024031005000593,83,7,10.00,625.00,"6,250.00",2024-03-10
265,HRL,2024031005000595,83,21,20.00,625.00,"12,500.00",2024-03-10
266,HRL,2024031005000596,83,58,10.00,625.00,"6,250.00",2024-03-10
267,HRL,2024031005000599,83,49,10.00,625.00,"6,250.00",2024-03-10
268,HRL,2024031005000600,83,58,10.00,625.00,"6,250.00",2024-03-10
269,HRL,2024031005000601,83,3,269.00,625.00,"168,125.00",2024-03-10
270,HRL,2024031005000602,38,3,200.00,625.00,"125,000.00",2024-03-10
271,HRL,2024031005000603,17,3,531.00,625.00,"331,875.00",2024-03-10
272,HRL,2024031005000604,17,49,10.00,625.00,"6,250.00",2024-03-10
273,HRL,2024031005000605,17,38,10.00,625.00,"6,250.00",2024-03-10
274,HRL,2024031005000606,17,21,20.00,625.00,"12,500.00",2024-03-10
275,HRL,2024031005000607,42,58,10.00,625.00,"6,250.00",2024-03-10
276,HRL,2024031005000611,59,16,10.00,626.00,"6,260.00",2024-03-10
277,HRL,2024031005000612,59,22,10.00,626.00,"6,260.00",2024-03-10
278,HRL,2024031005000613,59,57,120.00,626.00,"75,120.00",2024-03-10
279,HRL,2024031005000614,59,6,10.00,626.00,"6,260.00",2024-03-10
280,HRL,2024031005000615,59,41,20.00,626.00,"12,520.00",2024-03-10
281,HRL,2024031005000616,59,38,10.00,626.00,"6,260.00",2024-03-10
282,HRL,2024031005000617,59,22,10.00,626.00,"6,260.00",2024-03-10
283,HRL,2024031005000618,59,57,100.00,626.00,"62,600.00",2024-03-10
284,HRL,2024031005000619,59,58,10.00,626.00,"6,260.00",2024-03-10
285,HRL,2024031005000620,59,50,10.00,626.00,"6,260.00",2024-03-10
286,HRL,2024031005000621,59,35,10.00,626.00,"6,260.00",2024-03-10
287,HRL,2024031005000622,59,58,10.00,626.00,"6,260.00",2024-03-10
288,HRL,2024031005000630,59,49,10.00,626.00,"6,260.00",2024-03-10
289,HRL,2024031005000635,59,21,20.00,626.00,"12,520.00",2024-03-10
290,HRL,2024031005000637,59,58,20.00,626.00,"12,520.00",2024-03-10
291,HRL,2024031005000650,59,33,10.00,626.00,"6,260.00",2024-03-10
292,HRL,2024031005000651,59,26,10.00,626.00,"6,260.00",2024-03-10
293,HRL,2024031005000652,59,21,20.00,626.00,"12,520.00",2024-03-10
294,HRL,2024031005000653,59,21,20.00,626.00,"12,520.00",2024-03-10
295,HRL,2024031005000654,59,35,10.00,626.00,"6,260.00",2024-03-10
296,HRL,2024031005000656,59,45,30.00,626.00,"18,780.00",2024-03-10
297,HRL,2024031005000657,57,57,20.00,626.50,"12,530.00",2024-03-10
298,HRL,2024031005000658,66,4,20.00,625.00,"12,500.00",2024-03-10
299,HRL,2024031005000664,57,21,20.00,624.30,"12,486.00",2024-03-10
300,HRL,2024031005000665,57,36,10.00,624.30,"6,243.00",2024-03-10
301,HRL,2024031005000666,57,21,20.00,624.30,"12,486.00",2024-03-10
302,HRL,2024031005000675,57,36,10.00,624.30,"6,243.00",2024-03-10
303,HRL,2024031005000676,57,21,20.00,624.30,"12,486.00",2024-03-10
304,HRL,2024031005000679,57,56,20.00,624.30,"12,486.00",2024-03-10
305,HRL,2024031005000696,29,21,20.00,624.20,"12,484.00",2024-03-10
306,HRL,2024031005000697,29,42,20.00,624.20,"12,484.00",2024-03-10
307,HRL,2024031005000698,29,55,10.00,624.20,"6,242.00",2024-03-10
308,HRL,2024031005000699,57,55,20.00,624.20,"12,484.00",2024-03-10
309,HRL,2024031005000700,8,55,10.00,624.10,"6,241.00",2024-03-10
310,HRL,2024031005000701,14,55,100.00,624.00,"62,400.00",2024-03-10
311,HRL,2024031005000702,47,55,50.00,624.00,"31,200.00",2024-03-10
312,HRL,2024031005000703,22,55,80.00,624.00,"49,920.00",2024-03-10
313,HRL,2024031005000704,21,55,91.00,624.00,"56,784.00",2024-03-10
314,HRL,2024031005000705,8,55,39.00,624.00,"24,336.00",2024-03-10
315,HRL,2024031005000708,8,41,20.00,624.00,"12,480.00",2024-03-10
316,HRL,2024031005000709,8,3,20.00,624.00,"12,480.00",2024-03-10
317,HRL,2024031005000715,8,34,10.00,624.00,"6,240.00",2024-03-10
318,HRL,2024031005000719,8,35,10.00,624.00,"6,240.00",2024-03-10
319,HRL,2024031005000720,8,17,20.00,624.00,"12,480.00",2024-03-10
320,HRL,2024031005000721,8,55,100.00,624.00,"62,400.00",2024-03-10
321,HRL,2024031005000722,8,35,10.00,624.00,"6,240.00",2024-03-10
322,HRL,2024031005000723,8,8,10.00,624.00,"6,240.00",2024-03-10
323,HRL,2024031005000726,7,58,10.00,624.40,"6,244.00",2024-03-10
324,HRL,2024031005000728,7,42,10.00,624.40,"6,244.00",2024-03-10
325,HRL,2024031005000742,7,45,10.00,624.40,"6,244.00",2024-03-10
326,HRL,2024031005000745,7,3,20.00,624.40,"12,488.00",2024-03-10
327,HRL,2024031005000749,43,28,10.00,624.50,"6,245.00",2024-03-10
328,HRL,2024031005000750,43,36,10.00,624.50,"6,245.00",2024-03-10
329,HRL,2024031005000752,43,17,10.00,624.50,"6,245.00",2024-03-10
330,HRL,2024031005000753,43,45,40.00,624.50,"24,980.00",2024-03-10
331,HRL,2024031005000762,43,35,10.00,624.50,"6,245.00",2024-03-10
332,HRL,2024031005000765,43,58,10.00,624.50,"6,245.00",2024-03-10
333,HRL,2024031005000770,25,6,10.00,625.00,"6,250.00",2024-03-10
334,HRL,2024031005000771,25,57,10.00,625.00,"6,250.00",2024-03-10
335,HRL,2024031005000772,25,58,100.00,625.00,"62,500.00",2024-03-10
336,HRL,2024031005000773,25,42,10.00,625.00,"6,250.00",2024-03-10
337,HRL,2024031005000774,25,49,10.00,625.00,"6,250.00",2024-03-10
338,HRL,2024031005000775,25,49,10.00,625.00,"6,250.00",2024-03-10
339,HRL,2024031005000776,25,4,10.00,625.00,"6,250.00",2024-03-10
340,HRL,2024031005000777,25,51,20.00,625.00,"12,500.00",2024-03-10
341,HRL,2024031005000781,25,7,10.00,625.00,"6,250.00",2024-03-10
342,HRL,2024031005000783,25,56,10.00,625.00,"6,250.00",2024-03-10
343,HRL,2024031005000786,25,57,10.00,625.00,"6,250.00",2024-03-10
344,HRL,2024031005000787,25,17,20.00,625.00,"12,500.00",2024-03-10
345,HRL,2024031005000788,57,36,10.00,626.00,"6,260.00",2024-03-10
346,HRL,2024031005000789,57,42,20.00,626.00,"12,520.00",2024-03-10
347,HRL,2024031005000790,25,3,10.00,625.00,"6,250.00",2024-03-10
348,HRL,2024031005000792,25,65,10.00,625.00,"6,250.00",2024-03-10
349,HRL,2024031005000796,25,58,20.00,625.00,"12,500.00",2024-03-10
350,HRL,2024031005000797,25,13,20.00,625.00,"12,500.00",2024-03-10
351,HRL,2024031005000798,58,42,20.00,626.00,"12,520.00",2024-03-10
352,HRL,2024031005000807,57,42,30.00,626.00,"18,780.00",2024-03-10
353,HRL,2024031005000808,25,17,20.00,625.00,"12,500.00",2024-03-10
354,HRL,2024031005000813,25,25,10.00,625.00,"6,250.00",2024-03-10
355,HRL,2024031005000815,25,63,10.00,625.00,"6,250.00",2024-03-10
356,HRL,2024031005000816,57,42,30.00,626.00,"18,780.00",2024-03-10
357,HRL,2024031005000817,25,58,10.00,625.00,"6,250.00",2024-03-10
358,HRL,2024031005000818,25,41,10.00,625.00,"6,250.00",2024-03-10
359,HRL,2024031005000819,25,58,10.00,625.00,"6,250.00",2024-03-10
360,HRL,2024031005000824,1,42,100.00,626.00,"62,600.00",2024-03-10
361,HRL,2024031005000825,1,54,20.00,626.00,"12,520.00",2024-03-10
362,HRL,2024031005000826,1,13,10.00,626.00,"6,260.00",2024-03-10
363,HRL,2024031005000827,1,34,10.00,626.00,"6,260.00",2024-03-10
364,HRL,2024031005000828,1,11,20.00,626.00,"12,520.00",2024-03-10
365,HRL,2024031005000830,38,35,20.00,625.00,"12,500.00",2024-03-10
366,HRL,2024031005000831,52,35,10.00,625.00,"6,250.00",2024-03-10
367,HRL,2024031005000832,57,11,450.00,626.00,"281,700.00",2024-03-10
368,HRL,2024031005000835,21,11,300.00,626.00,"187,800.00",2024-03-10
369,HRL,2024031005000836,21,57,30.00,626.00,"18,780.00",2024-03-10
370,HRL,2024031005000837,21,53,10.00,626.00,"6,260.00",2024-03-10
371,HRL,2024031005000838,21,38,10.00,626.00,"6,260.00",2024-03-10
372,HRL,2024031005000839,21,34,10.00,626.00,"6,260.00",2024-03-10
373,HRL,2024031005000840,21,42,20.00,626.00,"12,520.00",2024-03-10
374,HRL,2024031005000841,21,52,20.00,626.00,"12,520.00",2024-03-10
375,HRL,2024031005000842,21,36,10.00,626.00,"6,260.00",2024-03-10
376,HRL,2024031005000843,21,36,10.00,626.00,"6,260.00",2024-03-10
377,HRL,2024031005000844,21,38,20.00,626.00,"12,520.00",2024-03-10
378,HRL,2024031005000845,21,58,30.00,626.00,"18,780.00",2024-03-10
379,HRL,2024031005000846,21,94,30.00,626.00,"18,780.00",2024-03-10
380,HRL,2024031005000850,52,21,10.00,625.00,"6,250.00",2024-03-10
381,HRL,2024031005000851,41,94,70.00,626.00,"43,820.00",2024-03-10
382,HRL,2024031005000852,41,4,10.00,626.00,"6,260.00",2024-03-10
383,HRL,2024031005000853,41,51,20.00,626.00,"12,520.00",2024-03-10
384,HRL,2024031005000854,52,34,10.00,625.00,"6,250.00",2024-03-10
385,HRL,2024031005000858,52,45,20.00,625.00,"12,500.00",2024-03-10
386,HRL,2024031005000860,42,51,100.00,626.00,"62,600.00",2024-03-10
387,HRL,2024031005000861,56,6,10.00,625.10,"6,251.00",2024-03-10
388,HRL,2024031005000862,56,59,20.00,625.10,"12,502.00",2024-03-10
389,HRL,2024031005000863,56,34,10.00,625.10,"6,251.00",2024-03-10
390,HRL,2024031005000866,1,51,30.00,626.00,"18,780.00",2024-03-10
391,HRL,2024031005000867,1,45,70.00,626.00,"43,820.00",2024-03-10
392,HRL,2024031005000868,1,8,10.00,626.00,"6,260.00",2024-03-10
393,HRL,2024031005000873,25,65,10.00,625.20,"6,252.00",2024-03-10
394,HRL,2024031005000874,25,51,10.00,625.20,"6,252.00",2024-03-10
395,HRL,2024031005000876,25,34,10.00,625.20,"6,252.00",2024-03-10
396,HRL,2024031005000877,41,58,10.00,626.00,"6,260.00",2024-03-10
397,HRL,2024031005000878,41,4,13.00,626.00,"8,138.00",2024-03-10
398,HRL,2024031005000879,1,16,10.00,625.20,"6,252.00",2024-03-10
399,HRL,2024031005000887,56,26,10.00,625.10,"6,251.00",2024-03-10
400,HRL,2024031005000888,38,22,10.00,625.40,"6,254.00",2024-03-10
401,HRL,2024031005000889,49,4,10.00,626.00,"6,260.00",2024-03-10
402,HRL,2024031005000895,56,49,10.00,625.10,"6,251.00",2024-03-10
403,HRL,2024031005000896,56,34,10.00,625.10,"6,251.00",2024-03-10
404,HRL,2024031005000897,56,1,20.00,625.10,"12,502.00",2024-03-10
405,HRL,2024031005000899,44,4,10.00,626.00,"6,260.00",2024-03-10
406,HRL,2024031005000900,42,4,7.00,626.00,"4,382.00",2024-03-10
407,HRL,2024031005000901,56,49,10.00,625.10,"6,251.00",2024-03-10
408,HRL,2024031005000902,56,38,10.00,625.10,"6,251.00",2024-03-10
409,HRL,2024031005000905,56,48,10.00,625.10,"6,251.00",2024-03-10
410,HRL,2024031005000907,56,56,10.00,625.10,"6,251.00",2024-03-10
411,HRL,2024031005000908,56,58,30.00,625.10,"18,753.00",2024-03-10
412,HRL,2024031005000909,56,55,100.00,625.10,"62,510.00",2024-03-10
413,HRL,2024031005000910,56,19,40.00,625.10,"25,004.00",2024-03-10
414,HRL,2024031005000915,52,52,20.00,625.00,"12,500.00",2024-03-10
415,HRL,2024031005000916,16,58,10.00,626.00,"6,260.00",2024-03-10
416,HRL,2024031005000917,16,6,16.00,626.00,"10,016.00",2024-03-10
417,HRL,2024031005000918,16,38,20.00,626.00,"12,520.00",2024-03-10
418,HRL,2024031005000919,16,58,10.00,626.00,"6,260.00",2024-03-10
419,HRL,2024031005000920,16,45,10.00,626.00,"6,260.00",2024-03-10
420,HRL,2024031005000921,16,49,10.00,626.00,"6,260.00",2024-03-10
421,HRL,2024031005000922,16,45,10.00,626.00,"6,260.00",2024-03-10
422,HRL,2024031005000923,16,58,10.00,626.00,"6,260.00",2024-03-10
423,HRL,2024031005000925,52,50,10.00,625.00,"6,250.00",2024-03-10
424,HRL,2024031005000926,58,33,20.00,625.10,"12,502.00",2024-03-10
425,HRL,2024031005000929,58,58,10.00,625.10,"6,251.00",2024-03-10
426,HRL,2024031005000930,58,50,12.00,625.10,"7,501.20",2024-03-10
427,HRL,2024031005000931,44,50,18.00,625.00,"11,250.00",2024-03-10
428,HRL,2024031005000934,44,42,10.00,625.00,"6,250.00",2024-03-10
429,HRL,2024031005000937,44,58,10.00,625.00,"6,250.00",2024-03-10
430,HRL,2024031005000938,44,58,10.00,625.00,"6,250.00",2024-03-10
431,HRL,2024031005000940,44,49,10.00,625.00,"6,250.00",2024-03-10
432,HRL,2024031005000941,44,49,10.00,625.00,"6,250.00",2024-03-10
433,HRL,2024031005000951,44,26,10.00,625.00,"6,250.00",2024-03-10
434,HRL,2024031005000953,44,59,10.00,625.00,"6,250.00",2024-03-10
435,HRL,2024031005000954,44,57,45.00,625.00,"28,125.00",2024-03-10
436,HRL,2024031005000955,44,48,10.00,625.00,"6,250.00",2024-03-10
437,HRL,2024031005000956,44,21,10.00,625.00,"6,250.00",2024-03-10
438,HRL,2024031005000957,44,45,20.00,625.00,"12,500.00",2024-03-10
439,HRL,2024031005000960,44,22,10.00,625.00,"6,250.00",2024-03-10
440,HRL,2024031005000962,44,95,10.00,625.00,"6,250.00",2024-03-10
441,HRL,2024031005000963,36,48,10.00,625.00,"6,250.00",2024-03-10
442,HRL,2024031005000970,36,3,40.00,625.00,"25,000.00",2024-03-10
443,HRL,2024031005000971,38,3,50.00,625.00,"31,250.00",2024-03-10
444,HRL,2024031005000972,59,3,410.00,625.00,"256,250.00",2024-03-10
445,HRL,2024031005000973,59,49,10.00,625.00,"6,250.00",2024-03-10
446,HRL,2024031005000974,59,21,20.00,625.00,"12,500.00",2024-03-10
447,HRL,2024031005000975,59,58,10.00,625.00,"6,250.00",2024-03-10
448,HRL,2024031005000977,59,4,10.00,625.00,"6,250.00",2024-03-10
449,HRL,2024031005000978,59,32,10.00,625.00,"6,250.00",2024-03-10
450,HRL,2024031005000983,59,59,20.00,625.00,"12,500.00",2024-03-10
451,HRL,2024031005000985,59,49,10.00,625.00,"6,250.00",2024-03-10
452,HRL,2024031005000986,56,16,65.00,625.00,"40,625.00",2024-03-10
453,HRL,2024031005000987,45,16,30.00,625.00,"18,750.00",2024-03-10
454,HRL,2024031005000988,36,16,100.00,625.00,"62,500.00",2024-03-10
455,HRL,2024031005000989,34,16,170.00,625.00,"106,250.00",2024-03-10
456,HRL,2024031005000997,40,16,10.00,625.00,"6,250.00",2024-03-10
457,HRL,2024031005000999,43,10,10.00,624.50,"6,245.00",2024-03-10
458,HRL,2024031005001000,43,58,10.00,624.50,"6,245.00",2024-03-10
459,HRL,2024031005001003,43,26,10.00,624.50,"6,245.00",2024-03-10
460,HRL,2024031005001005,43,28,10.00,624.50,"6,245.00",2024-03-10
461,HRL,2024031005001006,43,21,10.00,624.50,"6,245.00",2024-03-10
462,HRL,2024031005001007,43,57,65.00,624.50,"40,592.50",2024-03-10
463,HRL,2024031005001008,43,35,100.00,624.50,"62,450.00",2024-03-10
464,HRL,2024031005001011,43,32,10.00,624.50,"6,245.00",2024-03-10
465,HRL,2024031005001012,43,6,10.00,624.50,"6,245.00",2024-03-10
466,HRL,2024031005001013,43,58,10.00,624.50,"6,245.00",2024-03-10
467,HRL,2024031005001014,25,16,125.00,625.00,"78,125.00",2024-03-10
468,HRL,2024031005001015,25,58,20.00,625.00,"12,500.00",2024-03-10
469,HRL,2024031005001016,25,58,10.00,625.00,"6,250.00",2024-03-10
470,HRL,2024031005001017,25,14,164.00,625.00,"102,500.00",2024-03-10
471,HRL,2024031005001018,25,4,40.00,625.00,"25,000.00",2024-03-10
472,HRL,2024031005001019,25,58,10.00,625.00,"6,250.00",2024-03-10
473,HRL,2024031005001028,43,22,10.00,624.50,"6,245.00",2024-03-10
474,HRL,2024031005001031,67,40,10.00,624.60,"6,246.00",2024-03-10
475,HRL,2024031005001034,67,26,10.00,624.60,"6,246.00",2024-03-10
476,HRL,2024031005001040,22,58,10.00,624.70,"6,247.00",2024-03-10
477,HRL,2024031005001043,22,49,20.00,624.70,"12,494.00",2024-03-10
478,HRL,2024031005001046,22,25,10.00,624.70,"6,247.00",2024-03-10
479,HRL,2024031005001047,22,58,10.00,624.70,"6,247.00",2024-03-10
480,HRL,2024031005001048,22,58,30.00,624.70,"18,741.00",2024-03-10
481,HRL,2024031005001049,22,36,20.00,624.70,"12,494.00",2024-03-10
482,HRL,2024031005001050,67,32,10.00,624.60,"6,246.00",2024-03-10
483,HRL,2024031005001051,38,38,30.00,624.70,"18,741.00",2024-03-10
484,HRL,2024031005001052,38,56,100.00,625.00,"62,500.00",2024-03-10
485,HRL,2024031005001053,38,1,10.00,625.00,"6,250.00",2024-03-10
486,HRL,2024031005001054,38,48,10.00,625.00,"6,250.00",2024-03-10
487,HRL,2024031005001055,38,46,10.00,625.00,"6,250.00",2024-03-10
488,HRL,2024031005001056,38,34,10.00,625.00,"6,250.00",2024-03-10
489,HRL,2024031005001057,38,50,10.00,625.00,"6,250.00",2024-03-10
490,HRL,2024031005001058,38,57,10.00,625.00,"6,250.00",2024-03-10
491,HRL,2024031005001059,38,44,10.00,625.00,"6,250.00",2024-03-10
492,HRL,2024031005001060,38,58,100.00,625.00,"62,500.00",2024-03-10
493,HRL,2024031005001061,38,42,180.00,625.00,"112,500.00",2024-03-10
494,HRL,2024031005001062,38,45,20.00,625.00,"12,500.00",2024-03-10
495,HRL,2024031005001063,67,49,10.00,624.60,"6,246.00",2024-03-10
496,HRL,2024031005001069,42,45,10.00,625.00,"6,250.00",2024-03-10
497,HRL,2024031005001070,38,17,100.00,625.00,"62,500.00",2024-03-10
498,HRL,2024031005001071,38,38,20.00,625.00,"12,500.00",2024-03-10
499,HRL,2024031005001072,67,45,10.00,624.60,"6,246.00",2024-03-10
500,HRL,2024031005001078,43,7,20.00,624.50,"12,490.00",2024-03-10
501,HRL,2024031005001079,43,75,50.00,624.50,"31,225.00",2024-03-10
502,HRL,2024031005001081,58,55,10.00,624.60,"6,246.00",2024-03-10
503,HRL,2024031005001083,43,55,20.00,624.50,"12,490.00",2024-03-10
504,HRL,2024031005001084,43,49,10.00,624.50,"6,245.00",2024-03-10
505,HRL,2024031005001086,43,4,10.00,624.50,"6,245.00",2024-03-10
506,HRL,2024031005001090,43,58,10.00,624.50,"6,245.00",2024-03-10
507,HRL,2024031005001091,43,45,10.00,624.50,"6,245.00",2024-03-10
508,HRL,2024031005001092,43,49,25.00,624.50,"15,612.50",2024-03-10
509,HRL,2024031005001093,32,49,40.00,624.50,"24,980.00",2024-03-10
510,HRL,2024031005001095,7,20,20.00,624.40,"12,488.00",2024-03-10
511,HRL,2024031005001097,7,51,20.00,624.40,"12,488.00",2024-03-10
512,HRL,2024031005001098,7,41,20.00,624.40,"12,488.00",2024-03-10
513,HRL,2024031005001103,10,49,18.00,624.50,"11,241.00",2024-03-10
514,HRL,2024031005001104,7,11,10.00,624.40,"6,244.00",2024-03-10
515,HRL,2024031005001105,7,58,10.00,624.40,"6,244.00",2024-03-10
516,HRL,2024031005001117,8,49,60.00,624.50,"37,470.00",2024-03-10
517,HRL,2024031005001124,7,58,10.00,624.40,"6,244.00",2024-03-10
518,HRL,2024031005001127,7,36,20.00,624.40,"12,488.00",2024-03-10
519,HRL,2024031005001130,44,17,10.00,624.60,"6,246.00",2024-03-10
520,HRL,2024031005001132,21,22,10.00,624.50,"6,245.00",2024-03-10
521,HRL,2024031005001133,42,58,20.00,625.00,"12,500.00",2024-03-10
522,HRL,2024031005001134,42,38,10.00,625.00,"6,250.00",2024-03-10
523,HRL,2024031005001136,35,38,10.00,625.00,"6,250.00",2024-03-10
524,HRL,2024031005001138,21,58,20.00,624.50,"12,490.00",2024-03-10
525,HRL,2024031005001143,38,21,15.00,625.00,"9,375.00",2024-03-10
526,HRL,2024031005001144,42,21,5.00,625.00,"3,125.00",2024-03-10
527,HRL,2024031005001145,8,49,10.00,625.00,"6,250.00",2024-03-10
528,HRL,2024031005001146,8,6,10.00,625.00,"6,250.00",2024-03-10
529,HRL,2024031005001147,16,11,20.00,625.00,"12,500.00",2024-03-10
530,HRL,2024031005001148,16,51,10.00,625.00,"6,250.00",2024-03-10
531,HRL,2024031005001149,16,58,12.00,625.00,"7,500.00",2024-03-10
532,HRL,2024031005001152,32,21,10.00,624.50,"6,245.00",2024-03-10
533,HRL,2024031005001158,32,58,10.00,624.50,"6,245.00",2024-03-10
534,HRL,2024031005001160,32,26,10.00,624.50,"6,245.00",2024-03-10
535,HRL,2024031005001161,32,58,10.00,624.50,"6,245.00",2024-03-10
536,HRL,2024031005001162,32,62,10.00,624.50,"6,245.00",2024-03-10
537,HRL,2024031005001163,32,21,20.00,624.50,"12,490.00",2024-03-10
538,HRL,2024031005001164,32,58,10.00,624.50,"6,245.00",2024-03-10
539,HRL,2024031005001166,32,4,20.00,624.50,"12,490.00",2024-03-10
540,HRL,2024031005001180,32,34,10.00,624.50,"6,245.00",2024-03-10
541,HRL,2024031005001181,32,34,20.00,624.50,"12,490.00",2024-03-10
542,HRL,2024031005001182,36,4,10.00,625.00,"6,250.00",2024-03-10
543,HRL,2024031005001183,36,17,10.00,625.00,"6,250.00",2024-03-10
544,HRL,2024031005001184,36,38,10.00,625.00,"6,250.00",2024-03-10
545,HRL,2024031005001185,36,42,10.00,625.00,"6,250.00",2024-03-10
546,HRL,2024031005001186,36,28,"1,960.00",625.00,"1,225,000.00",2024-03-10
547,HRL,2024031005001187,45,28,28.00,625.00,"17,500.00",2024-03-10
548,HRL,2024031005001188,32,21,10.00,624.50,"6,245.00",2024-03-10
549,HRL,2024031005001189,32,35,10.00,624.50,"6,245.00",2024-03-10
550,HRL,2024031005001190,32,43,10.00,624.50,"6,245.00",2024-03-10
551,HRL,2024031005001191,6,28,12.00,625.00,"7,500.00",2024-03-10
552,HRL,2024031005001192,6,58,10.00,625.00,"6,250.00",2024-03-10
553,HRL,2024031005001194,32,43,10.00,624.50,"6,245.00",2024-03-10
554,HRL,2024031005001195,54,22,10.00,625.00,"6,250.00",2024-03-10
555,HRL,2024031005001196,54,17,90.00,625.00,"56,250.00",2024-03-10
556,HRL,2024031005001197,59,17,10.00,625.00,"6,250.00",2024-03-10
557,HRL,2024031005001198,59,4,10.00,625.00,"6,250.00",2024-03-10
558,HRL,2024031005001199,59,21,10.00,625.00,"6,250.00",2024-03-10
559,HRL,2024031005001203,59,58,10.00,625.00,"6,250.00",2024-03-10
560,HRL,2024031005001205,86,59,10.00,625.10,"6,251.00",2024-03-10
561,HRL,2024031005001206,86,58,10.00,625.10,"6,251.00",2024-03-10
562,HRL,2024031005001208,86,58,10.00,625.10,"6,251.00",2024-03-10
563,HRL,2024031005001209,71,57,10.00,625.20,"6,252.00",2024-03-10
564,HRL,2024031005001210,71,49,10.00,625.20,"6,252.00",2024-03-10
565,HRL,2024031005001211,71,4,10.00,625.80,"6,258.00",2024-03-10
566,HRL,2024031005001212,71,44,10.00,625.80,"6,258.00",2024-03-10
567,HRL,2024031005001213,71,51,10.00,625.80,"6,258.00",2024-03-10
568,HRL,2024031005001214,71,58,10.00,626.00,"6,260.00",2024-03-10
569,HRL,2024031005001215,71,48,10.00,626.00,"6,260.00",2024-03-10
570,HRL,2024031005001216,71,38,10.00,626.00,"6,260.00",2024-03-10
571,HRL,2024031005001217,71,57,100.00,626.00,"62,600.00",2024-03-10
572,HRL,2024031005001218,71,58,10.00,626.00,"6,260.00",2024-03-10
573,HRL,2024031005001219,71,41,10.00,626.00,"6,260.00",2024-03-10
574,HRL,2024031005001220,71,38,20.00,626.00,"12,520.00",2024-03-10
575,HRL,2024031005001221,71,58,40.00,626.00,"25,040.00",2024-03-10
576,HRL,2024031005001222,71,17,40.00,626.00,"25,040.00",2024-03-10
577,HRL,2024031005001224,86,48,10.00,625.10,"6,251.00",2024-03-10
578,HRL,2024031005001226,86,51,10.00,625.10,"6,251.00",2024-03-10
579,HRL,2024031005001228,86,42,10.00,625.10,"6,251.00",2024-03-10
580,HRL,2024031005001229,86,58,10.00,625.10,"6,251.00",2024-03-10
581,HRL,2024031005001230,38,17,60.00,626.00,"37,560.00",2024-03-10
582,HRL,2024031005001231,38,22,10.00,626.00,"6,260.00",2024-03-10
583,HRL,2024031005001232,38,87,10.00,626.00,"6,260.00",2024-03-10
584,HRL,2024031005001233,38,38,20.00,626.00,"12,520.00",2024-03-10
585,HRL,2024031005001234,38,38,20.00,626.00,"12,520.00",2024-03-10
586,HRL,2024031005001235,38,38,20.00,626.00,"12,520.00",2024-03-10
587,HRL,2024031005001236,38,34,10.00,626.00,"6,260.00",2024-03-10
588,HRL,2024031005001237,38,74,300.00,626.00,"187,800.00",2024-03-10
589,HRL,2024031005001238,38,56,"1,500.00",626.00,"939,000.00",2024-03-10
590,HRL,2024031005001241,38,58,10.00,626.00,"6,260.00",2024-03-10
591,HRL,2024031005001242,38,58,10.00,626.00,"6,260.00",2024-03-10
592,HRL,2024031005001243,38,58,20.00,626.00,"12,520.00",2024-03-10
593,HRL,2024031005001244,38,57,10.00,626.00,"6,260.00",2024-03-10
594,HRL,2024031005001245,86,35,10.00,625.10,"6,251.00",2024-03-10
595,HRL,2024031005001247,86,35,10.00,625.10,"6,251.00",2024-03-10
596,HRL,2024031005001249,86,34,10.00,625.10,"6,251.00",2024-03-10
597,HRL,2024031005001252,86,34,10.00,625.10,"6,251.00",2024-03-10
598,HRL,2024031005001253,25,57,10.00,626.00,"6,260.00",2024-03-10
599,HRL,2024031005001254,25,49,10.00,626.00,"6,260.00",2024-03-10
600,HRL,2024031005001255,25,57,10.00,626.00,"6,260.00",2024-03-10
601,HRL,2024031005001256,25,44,10.00,626.00,"6,260.00",2024-03-10
602,HRL,2024031005001257,25,51,10.00,626.00,"6,260.00",2024-03-10
603,HRL,2024031005001258,86,49,10.00,625.10,"6,251.00",2024-03-10
604,HRL,2024031005001260,86,58,10.00,625.10,"6,251.00",2024-03-10
605,HRL,2024031005001263,86,54,10.00,625.10,"6,251.00",2024-03-10
606,HRL,2024031005001265,86,58,10.00,625.10,"6,251.00",2024-03-10
607,HRL,2024031005001266,57,52,15.00,626.00,"9,390.00",2024-03-10
608,HRL,2024031005001272,22,7,10.00,626.00,"6,260.00",2024-03-10
609,HRL,2024031005001273,22,57,10.00,626.00,"6,260.00",2024-03-10
610,HRL,2024031005001274,22,38,20.00,626.00,"12,520.00",2024-03-10
611,HRL,2024031005001275,16,57,100.00,626.50,"62,650.00",2024-03-10
612,HRL,2024031005001277,41,57,80.00,626.50,"50,120.00",2024-03-10
613,HRL,2024031005001278,86,57,10.00,625.10,"6,251.00",2024-03-10
614,HRL,2024031005001285,22,58,10.00,626.50,"6,265.00",2024-03-10
615,HRL,2024031005001286,22,11,20.00,626.50,"12,530.00",2024-03-10
616,HRL,2024031005001287,49,40,20.00,625.50,"12,510.00",2024-03-10
617,HRL,2024031005001289,49,39,10.00,625.50,"6,255.00",2024-03-10
618,HRL,2024031005001292,49,22,10.00,625.50,"6,255.00",2024-03-10
619,HRL,2024031005001295,49,58,10.00,625.50,"6,255.00",2024-03-10
620,HRL,2024031005001296,47,4,10.00,626.00,"6,260.00",2024-03-10
621,HRL,2024031005001297,47,25,20.00,626.00,"12,520.00",2024-03-10
622,HRL,2024031005001298,47,47,20.00,626.00,"12,520.00",2024-03-10
623,HRL,2024031005001302,47,38,30.00,626.00,"18,780.00",2024-03-10
624,HRL,2024031005001304,47,49,10.00,626.00,"6,260.00",2024-03-10
625,HRL,2024031005001305,47,39,10.00,626.00,"6,260.00",2024-03-10
626,HRL,2024031005001308,47,39,10.00,626.00,"6,260.00",2024-03-10
627,HRL,2024031005001319,47,5,230.00,626.00,"143,980.00",2024-03-10
628,HRL,2024031005001322,47,49,10.00,626.00,"6,260.00",2024-03-10
629,HRL,2024031005001329,22,56,20.00,626.10,"12,522.00",2024-03-10
630,HRL,2024031005001332,22,58,10.00,626.10,"6,261.00",2024-03-10
631,HRL,2024031005001347,22,39,10.00,626.10,"6,261.00",2024-03-10
632,HRL,2024031005001359,22,58,10.00,626.10,"6,261.00",2024-03-10
633,HRL,2024031005001362,22,40,20.00,626.10,"12,522.00",2024-03-10
634,HRL,2024031005001363,22,43,10.00,626.10,"6,261.00",2024-03-10
635,HRL,2024031005001364,22,49,10.00,626.10,"6,261.00",2024-03-10
636,HRL,2024031005001365,22,49,10.00,626.10,"6,261.00",2024-03-10
637,HRL,2024031005001369,47,53,10.00,626.00,"6,260.00",2024-03-10
638,HRL,2024031005001377,47,40,20.00,626.00,"12,520.00",2024-03-10
639,HRL,2024031005001379,47,4,10.00,626.00,"6,260.00",2024-03-10
640,HRL,2024031005001380,47,38,20.00,626.00,"12,520.00",2024-03-10
641,HRL,2024031005001381,47,41,10.00,626.00,"6,260.00",2024-03-10
642,HRL,2024031005001382,47,58,10.00,626.00,"6,260.00",2024-03-10
643,HRL,2024031005001384,47,38,10.00,626.00,"6,260.00",2024-03-10
644,HRL,2024031005001388,13,20,10.00,626.20,"6,262.00",2024-03-10
645,HRL,2024031005001389,47,40,20.00,626.00,"12,520.00",2024-03-10
646,HRL,2024031005001390,13,58,40.00,626.50,"25,060.00",2024-03-10
647,HRL,2024031005001391,13,35,10.00,626.50,"6,265.00",2024-03-10
648,HRL,2024031005001395,47,56,20.00,626.00,"12,520.00",2024-03-10
649,HRL,2024031005001398,38,58,10.00,626.80,"6,268.00",2024-03-10
650,HRL,2024031005001399,38,80,100.00,626.90,"62,690.00",2024-03-10
651,HRL,2024031005001400,38,55,10.00,626.90,"6,269.00",2024-03-10
652,HRL,2024031005001401,38,39,30.00,626.90,"18,807.00",2024-03-10
653,HRL,2024031005001402,38,38,10.00,626.90,"6,269.00",2024-03-10
654,HRL,2024031005001403,38,58,10.00,626.90,"6,269.00",2024-03-10
655,HRL,2024031005001404,38,17,100.00,627.00,"62,700.00",2024-03-10
656,HRL,2024031005001405,38,57,200.00,627.00,"125,400.00",2024-03-10
657,HRL,2024031005001406,38,34,10.00,627.00,"6,270.00",2024-03-10
658,HRL,2024031005001407,38,45,10.00,627.00,"6,270.00",2024-03-10
659,HRL,2024031005001408,38,38,10.00,627.00,"6,270.00",2024-03-10
660,HRL,2024031005001409,38,38,10.00,627.00,"6,270.00",2024-03-10
661,HRL,2024031005001410,38,21,10.00,627.00,"6,270.00",2024-03-10
662,HRL,2024031005001411,38,58,50.00,627.00,"31,350.00",2024-03-10
663,HRL,2024031005001412,38,51,10.00,627.00,"6,270.00",2024-03-10
664,HRL,2024031005001413,38,56,10.00,627.00,"6,270.00",2024-03-10
665,HRL,2024031005001414,38,36,10.00,627.00,"6,270.00",2024-03-10
666,HRL,2024031005001415,38,36,10.00,627.00,"6,270.00",2024-03-10
667,HRL,2024031005001416,38,36,10.00,627.00,"6,270.00",2024-03-10
668,HRL,2024031005001417,38,42,10.00,627.00,"6,270.00",2024-03-10
669,HRL,2024031005001418,38,44,10.00,627.00,"6,270.00",2024-03-10
670,HRL,2024031005001419,38,6,20.00,627.00,"12,540.00",2024-03-10
671,HRL,2024031005001420,38,58,20.00,627.00,"12,540.00",2024-03-10
672,HRL,2024031005001421,38,76,10.00,627.00,"6,270.00",2024-03-10
673,HRL,2024031005001422,38,46,10.00,627.00,"6,270.00",2024-03-10
674,HRL,2024031005001423,38,6,10.00,627.00,"6,270.00",2024-03-10
675,HRL,2024031005001424,38,49,20.00,627.00,"12,540.00",2024-03-10
676,HRL,2024031005001425,38,48,30.00,627.00,"18,810.00",2024-03-10
677,HRL,2024031005001426,38,34,10.00,627.00,"6,270.00",2024-03-10
678,HRL,2024031005001427,38,59,10.00,627.00,"6,270.00",2024-03-10
679,HRL,2024031005001428,38,58,30.00,627.00,"18,810.00",2024-03-10
680,HRL,2024031005001429,38,55,500.00,627.00,"313,500.00",2024-03-10
681,HRL,2024031005001430,38,21,10.00,627.00,"6,270.00",2024-03-10
682,HRL,2024031005001431,38,58,10.00,627.00,"6,270.00",2024-03-10
683,HRL,2024031005001432,38,14,20.00,627.00,"12,540.00",2024-03-10
684,HRL,2024031005001433,38,58,10.00,627.00,"6,270.00",2024-03-10
685,HRL,2024031005001434,38,8,10.00,627.00,"6,270.00",2024-03-10
686,HRL,2024031005001435,38,41,40.00,627.00,"25,080.00",2024-03-10
687,HRL,2024031005001436,38,51,10.00,627.00,"6,270.00",2024-03-10
688,HRL,2024031005001437,38,11,10.00,627.00,"6,270.00",2024-03-10
689,HRL,2024031005001438,38,58,20.00,627.00,"12,540.00",2024-03-10
690,HRL,2024031005001439,38,38,20.00,627.00,"12,540.00",2024-03-10
691,HRL,2024031005001440,38,45,10.00,627.00,"6,270.00",2024-03-10
692,HRL,2024031005001441,38,65,10.00,627.00,"6,270.00",2024-03-10
693,HRL,2024031005001442,38,60,10.00,627.00,"6,270.00",2024-03-10
694,HRL,2024031005001443,47,13,10.00,626.00,"6,260.00",2024-03-10
695,HRL,2024031005001444,47,51,10.00,626.00,"6,260.00",2024-03-10
696,HRL,2024031005001448,69,49,10.00,626.00,"6,260.00",2024-03-10
697,HRL,2024031005001450,13,58,10.00,626.80,"6,268.00",2024-03-10
698,HRL,2024031005001451,13,58,10.00,627.00,"6,270.00",2024-03-10
699,HRL,2024031005001452,13,65,20.00,627.00,"12,540.00",2024-03-10
700,HRL,2024031005001453,13,34,10.00,627.30,"6,273.00",2024-03-10
701,HRL,2024031005001454,13,34,10.00,627.30,"6,273.00",2024-03-10
702,HRL,2024031005001455,13,56,10.00,627.50,"6,275.00",2024-03-10
703,HRL,2024031005001456,13,49,50.00,627.50,"31,375.00",2024-03-10
704,HRL,2024031005001457,13,49,20.00,627.50,"12,550.00",2024-03-10
705,HRL,2024031005001458,13,58,20.00,627.50,"12,550.00",2024-03-10
706,HRL,2024031005001459,13,74,100.00,627.90,"62,790.00",2024-03-10
707,HRL,2024031005001460,13,49,10.00,628.00,"6,280.00",2024-03-10
708,HRL,2024031005001461,13,58,10.00,628.00,"6,280.00",2024-03-10
709,HRL,2024031005001462,13,35,30.00,628.00,"18,840.00",2024-03-10
710,HRL,2024031005001463,13,35,200.00,628.00,"125,600.00",2024-03-10
711,HRL,2024031005001464,13,34,10.00,628.00,"6,280.00",2024-03-10
712,HRL,2024031005001465,13,19,50.00,628.00,"31,400.00",2024-03-10
713,HRL,2024031005001466,13,41,10.00,628.00,"6,280.00",2024-03-10
714,HRL,2024031005001467,13,22,10.00,628.00,"6,280.00",2024-03-10
715,HRL,2024031005001468,13,35,10.00,628.00,"6,280.00",2024-03-10
716,HRL,2024031005001469,13,34,10.00,628.00,"6,280.00",2024-03-10
717,HRL,2024031005001470,13,52,20.00,628.00,"12,560.00",2024-03-10
718,HRL,2024031005001471,13,42,70.00,628.00,"43,960.00",2024-03-10
719,HRL,2024031005001472,1,57,10.00,627.00,"6,270.00",2024-03-10
720,HRL,2024031005001475,13,42,10.00,628.00,"6,280.00",2024-03-10
721,HRL,2024031005001476,13,35,10.00,628.00,"6,280.00",2024-03-10
722,HRL,2024031005001477,13,49,10.00,628.00,"6,280.00",2024-03-10
723,HRL,2024031005001478,13,59,300.00,628.00,"188,400.00",2024-03-10
724,HRL,2024031005001479,13,34,10.00,628.00,"6,280.00",2024-03-10
725,HRL,2024031005001480,13,34,10.00,628.00,"6,280.00",2024-03-10
726,HRL,2024031005001481,13,35,40.00,628.00,"25,120.00",2024-03-10
727,HRL,2024031005001482,13,51,10.00,628.00,"6,280.00",2024-03-10
728,HRL,2024031005001483,13,38,10.00,628.00,"6,280.00",2024-03-10
729,HRL,2024031005001484,13,58,20.00,628.00,"12,560.00",2024-03-10
730,HRL,2024031005001485,13,32,10.00,628.00,"6,280.00",2024-03-10
731,HRL,2024031005001486,13,29,10.00,628.00,"6,280.00",2024-03-10
732,HRL,2024031005001487,13,38,25.00,628.10,"15,702.50",2024-03-10
733,HRL,2024031005001488,13,19,25.00,629.00,"15,725.00",2024-03-10
734,HRL,2024031005001491,59,45,10.00,626.10,"6,261.00",2024-03-10
735,HRL,2024031005001492,59,11,10.00,626.10,"6,261.00",2024-03-10
736,HRL,2024031005001494,59,40,20.00,626.10,"12,522.00",2024-03-10
737,HRL,2024031005001498,7,42,20.00,626.30,"12,526.00",2024-03-10
738,HRL,2024031005001504,7,41,10.00,626.30,"6,263.00",2024-03-10
739,HRL,2024031005001505,7,45,10.00,626.30,"6,263.00",2024-03-10
740,HRL,2024031005001507,7,6,20.00,626.30,"12,526.00",2024-03-10
741,HRL,2024031005001509,7,61,10.00,626.30,"6,263.00",2024-03-10
742,HRL,2024031005001510,7,49,20.00,626.30,"12,526.00",2024-03-10
743,HRL,2024031005001512,7,4,10.00,626.30,"6,263.00",2024-03-10
744,HRL,2024031005001516,7,38,10.00,626.30,"6,263.00",2024-03-10
745,HRL,2024031005001517,7,22,10.00,626.30,"6,263.00",2024-03-10
746,HRL,2024031005001520,7,49,10.00,626.30,"6,263.00",2024-03-10
747,HRL,2024031005001521,86,36,10.00,626.40,"6,264.00",2024-03-10
748,HRL,2024031005001522,86,21,20.00,626.40,"12,528.00",2024-03-10
749,HRL,2024031005001523,58,8,10.00,626.50,"6,265.00",2024-03-10
750,HRL,2024031005001524,25,38,20.00,627.00,"12,540.00",2024-03-10
751,HRL,2024031005001525,25,56,10.00,627.00,"6,270.00",2024-03-10
752,HRL,2024031005001526,25,21,70.00,627.00,"43,890.00",2024-03-10
753,HRL,2024031005001528,58,58,10.00,626.50,"6,265.00",2024-03-10
754,HRL,2024031005001532,58,44,10.00,626.50,"6,265.00",2024-03-10
755,HRL,2024031005001533,41,21,48.00,627.00,"30,096.00",2024-03-10
756,HRL,2024031005001536,86,58,10.00,626.40,"6,264.00",2024-03-10
757,HRL,2024031005001537,49,21,50.00,627.00,"31,350.00",2024-03-10
758,HRL,2024031005001540,58,42,30.00,627.00,"18,810.00",2024-03-10
759,HRL,2024031005001543,44,42,140.00,627.00,"87,780.00",2024-03-10
760,HRL,2024031005001550,44,38,20.00,627.00,"12,540.00",2024-03-10
761,HRL,2024031005001555,44,49,10.00,627.00,"6,270.00",2024-03-10
762,HRL,2024031005001556,44,34,20.00,627.00,"12,540.00",2024-03-10
763,HRL,2024031005001560,44,41,10.00,627.00,"6,270.00",2024-03-10
764,HRL,2024031005001562,44,46,10.00,627.00,"6,270.00",2024-03-10
765,HRL,2024031005001563,44,58,18.00,627.00,"11,286.00",2024-03-10
766,HRL,2024031005001564,44,17,10.00,627.00,"6,270.00",2024-03-10
767,HRL,2024031005001565,44,42,262.00,627.00,"164,274.00",2024-03-10
768,HRL,2024031005001566,49,42,30.00,627.00,"18,810.00",2024-03-10
769,HRL,2024031005001567,35,42,38.00,627.00,"23,826.00",2024-03-10
770,HRL,2024031005001571,35,58,10.00,627.00,"6,270.00",2024-03-10
771,HRL,2024031005001573,45,84,10.00,627.50,"6,275.00",2024-03-10
772,HRL,2024031005001574,45,35,10.00,627.50,"6,275.00",2024-03-10
773,HRL,2024031005001578,45,58,10.00,627.50,"6,275.00",2024-03-10
774,HRL,2024031005001579,58,50,20.00,628.00,"12,560.00",2024-03-10
775,HRL,2024031005001580,58,22,20.00,628.00,"12,560.00",2024-03-10
776,HRL,2024031005001581,58,49,20.00,628.00,"12,560.00",2024-03-10
777,HRL,2024031005001582,58,58,10.00,628.00,"6,280.00",2024-03-10
778,HRL,2024031005001583,58,36,20.00,628.00,"12,560.00",2024-03-10
779,HRL,2024031005001584,58,34,20.00,628.90,"12,578.00",2024-03-10
780,HRL,2024031005001585,58,6,10.00,629.00,"6,290.00",2024-03-10
781,HRL,2024031005001586,58,17,10.00,629.00,"6,290.00",2024-03-10
782,HRL,2024031005001587,58,28,20.00,629.00,"12,580.00",2024-03-10
783,HRL,2024031005001588,58,21,10.00,629.00,"6,290.00",2024-03-10
784,HRL,2024031005001589,58,81,10.00,629.00,"6,290.00",2024-03-10
785,HRL,2024031005001590,58,35,40.00,629.00,"25,160.00",2024-03-10
786,HRL,2024031005001591,58,45,290.00,629.00,"182,410.00",2024-03-10
787,HRL,2024031005001601,58,45,500.00,629.00,"314,500.00",2024-03-10
788,HRL,2024031005001603,4,58,10.00,627.50,"6,275.00",2024-03-10
789,HRL,2024031005001607,18,41,10.00,627.50,"6,275.00",2024-03-10
790,HRL,2024031005001612,74,40,20.00,627.10,"12,542.00",2024-03-10
791,HRL,2024031005001613,74,59,10.00,627.10,"6,271.00",2024-03-10
792,HRL,2024031005001618,29,22,20.00,628.90,"12,578.00",2024-03-10
793,HRL,2024031005001619,29,55,480.00,628.90,"301,872.00",2024-03-10
794,HRL,2024031005001620,38,59,10.00,628.00,"6,280.00",2024-03-10
795,HRL,2024031005001624,25,58,20.00,627.20,"12,544.00",2024-03-10
796,HRL,2024031005001632,8,55,20.00,628.90,"12,578.00",2024-03-10
797,HRL,2024031005001633,8,45,280.00,629.00,"176,120.00",2024-03-10
798,HRL,2024031005001640,13,45,500.00,629.00,"314,500.00",2024-03-10
799,HRL,2024031005001641,13,45,300.00,629.00,"188,700.00",2024-03-10
800,HRL,2024031005001642,13,55,20.00,629.00,"12,580.00",2024-03-10
801,HRL,2024031005001643,13,85,110.00,629.00,"69,190.00",2024-03-10
802,HRL,2024031005001644,13,39,10.00,629.00,"6,290.00",2024-03-10
803,HRL,2024031005001645,13,26,60.00,629.00,"37,740.00",2024-03-10
804,HRL,2024031005001654,45,49,10.00,627.60,"6,276.00",2024-03-10
805,HRL,2024031005001671,45,49,10.00,627.60,"6,276.00",2024-03-10
806,HRL,2024031005001673,45,11,20.00,627.60,"12,552.00",2024-03-10
807,HRL,2024031005001674,33,38,20.00,628.00,"12,560.00",2024-03-10
808,HRL,2024031005001675,33,40,20.00,628.00,"12,560.00",2024-03-10
809,HRL,2024031005001676,45,58,90.00,628.90,"56,601.00",2024-03-10
810,HRL,2024031005001677,45,49,10.00,628.90,"6,289.00",2024-03-10
811,HRL,2024031005001681,39,26,40.00,629.00,"25,160.00",2024-03-10
812,HRL,2024031005001682,39,45,10.00,629.00,"6,290.00",2024-03-10
813,HRL,2024031005001685,6,11,30.00,628.90,"18,867.00",2024-03-10
814,HRL,2024031005001686,86,39,10.00,629.00,"6,290.00",2024-03-10
815,HRL,2024031005001687,86,44,10.00,629.00,"6,290.00",2024-03-10
816,HRL,2024031005001688,86,39,10.00,629.00,"6,290.00",2024-03-10
817,HRL,2024031005001689,86,49,20.00,629.00,"12,580.00",2024-03-10
818,HRL,2024031005001690,86,45,10.00,629.00,"6,290.00",2024-03-10
819,HRL,2024031005001691,86,58,10.00,629.00,"6,290.00",2024-03-10
820,HRL,2024031005001692,86,41,10.00,629.00,"6,290.00",2024-03-10
821,HRL,2024031005001693,86,17,20.00,629.00,"12,580.00",2024-03-10
822,HRL,2024031005001694,86,55,70.00,629.00,"44,030.00",2024-03-10
823,HRL,2024031005001695,88,55,90.00,629.00,"56,610.00",2024-03-10
824,HRL,2024031005001696,6,58,10.00,628.90,"6,289.00",2024-03-10
825,HRL,2024031005001699,6,14,30.00,628.90,"18,867.00",2024-03-10
826,HRL,2024031005001700,50,55,20.00,629.00,"12,580.00",2024-03-10
827,HRL,2024031005001703,6,57,10.00,628.90,"6,289.00",2024-03-10
828,HRL,2024031005001706,6,49,10.00,628.90,"6,289.00",2024-03-10
829,HRL,2024031005001708,6,42,10.00,628.90,"6,289.00",2024-03-10
830,HRL,2024031005001709,13,42,90.00,628.90,"56,601.00",2024-03-10
831,HRL,2024031005001710,13,55,110.00,629.00,"69,190.00",2024-03-10
832,HRL,2024031005001711,25,49,10.00,628.10,"6,281.00",2024-03-10
833,HRL,2024031005001712,42,55,210.00,629.00,"132,090.00",2024-03-10
834,HRL,2024031005001713,42,49,10.00,629.00,"6,290.00",2024-03-10
835,HRL,2024031005001714,42,49,10.00,629.00,"6,290.00",2024-03-10
836,HRL,2024031005001715,42,56,10.00,629.00,"6,290.00",2024-03-10
837,HRL,2024031005001716,42,58,10.00,629.00,"6,290.00",2024-03-10
838,HRL,2024031005001717,42,39,10.00,629.00,"6,290.00",2024-03-10
839,HRL,2024031005001718,42,57,20.00,629.00,"12,580.00",2024-03-10
840,HRL,2024031005001719,42,49,10.00,629.00,"6,290.00",2024-03-10
841,HRL,2024031005001720,42,4,10.00,629.00,"6,290.00",2024-03-10
842,HRL,2024031005001721,42,32,10.00,629.00,"6,290.00",2024-03-10
843,HRL,2024031005001722,42,57,10.00,629.00,"6,290.00",2024-03-10
844,HRL,2024031005001723,42,13,10.00,629.00,"6,290.00",2024-03-10
845,HRL,2024031005001729,42,56,10.00,629.00,"6,290.00",2024-03-10
846,HRL,2024031005001732,42,38,10.00,629.00,"6,290.00",2024-03-10
847,HRL,2024031005001734,42,47,20.00,629.00,"12,580.00",2024-03-10
848,HRL,2024031005001735,42,38,10.00,629.00,"6,290.00",2024-03-10
849,HRL,2024031005001739,42,1,20.00,629.00,"12,580.00",2024-03-10
850,HRL,2024031005001741,6,56,20.00,629.00,"12,580.00",2024-03-10
851,HRL,2024031005001743,45,48,10.00,629.00,"6,290.00",2024-03-10
852,HRL,2024031005001758,25,36,10.00,628.10,"6,281.00",2024-03-10
853,HRL,2024031005001763,25,58,10.00,628.10,"6,281.00",2024-03-10
854,HRL,2024031005001765,25,49,10.00,628.10,"6,281.00",2024-03-10
855,HRL,2024031005001774,25,56,10.00,628.10,"6,281.00",2024-03-10
856,HRL,2024031005001783,17,6,20.00,628.90,"12,578.00",2024-03-10
857,HRL,2024031005001785,25,74,10.00,628.10,"6,281.00",2024-03-10
858,HRL,2024031005001796,25,42,20.00,628.10,"12,562.00",2024-03-10
859,HRL,2024031005001801,25,36,30.00,628.10,"18,843.00",2024-03-10
860,HRL,2024031005001805,34,49,10.00,628.10,"6,281.00",2024-03-10
861,HRL,2024031005001806,34,4,10.00,628.10,"6,281.00",2024-03-10
862,HRL,2024031005001818,33,36,30.00,628.00,"18,840.00",2024-03-10
863,HRL,2024031005001819,33,6,20.00,628.00,"12,560.00",2024-03-10
864,HRL,2024031005001820,58,4,10.00,628.10,"6,281.00",2024-03-10
865,HRL,2024031005001821,58,58,10.00,628.10,"6,281.00",2024-03-10
866,HRL,2024031005001822,58,4,10.00,628.80,"6,288.00",2024-03-10
867,HRL,2024031005001823,58,49,20.00,628.80,"12,576.00",2024-03-10
868,HRL,2024031005001824,58,45,450.00,628.90,"283,005.00",2024-03-10
869,HRL,2024031005001825,33,17,10.00,628.00,"6,280.00",2024-03-10
870,HRL,2024031005001827,42,13,10.00,628.10,"6,281.00",2024-03-10
871,HRL,2024031005001828,58,45,40.00,628.90,"25,156.00",2024-03-10
872,HRL,2024031005001829,58,48,20.00,629.00,"12,580.00",2024-03-10
873,HRL,2024031005001830,58,59,20.00,629.00,"12,580.00",2024-03-10
874,HRL,2024031005001831,58,4,10.00,629.00,"6,290.00",2024-03-10
875,HRL,2024031005001832,58,29,410.00,629.00,"257,890.00",2024-03-10
876,HRL,2024031005001833,42,58,20.00,628.10,"12,562.00",2024-03-10
877,HRL,2024031005001835,42,38,10.00,628.10,"6,281.00",2024-03-10
878,HRL,2024031005001843,58,29,90.00,629.00,"56,610.00",2024-03-10
879,HRL,2024031005001844,58,4,40.00,629.00,"25,160.00",2024-03-10
880,HRL,2024031005001845,58,29,370.00,629.00,"232,730.00",2024-03-10
881,HRL,2024031005001847,42,57,30.00,628.10,"18,843.00",2024-03-10
882,HRL,2024031005001848,42,36,20.00,628.10,"12,562.00",2024-03-10
883,HRL,2024031005001849,33,36,10.00,628.00,"6,280.00",2024-03-10
884,HRL,2024031005001857,33,16,30.00,628.00,"18,840.00",2024-03-10
885,HRL,2024031005001858,33,42,10.00,628.00,"6,280.00",2024-03-10
886,HRL,2024031005001859,33,29,10.00,628.00,"6,280.00",2024-03-10
887,HRL,2024031005001860,33,13,10.00,628.00,"6,280.00",2024-03-10
888,HRL,2024031005001861,33,36,10.00,628.00,"6,280.00",2024-03-10
889,HRL,2024031005001862,33,40,10.00,628.00,"6,280.00",2024-03-10
890,HRL,2024031005001865,33,4,10.00,628.00,"6,280.00",2024-03-10
891,HRL,2024031005001867,45,45,10.00,628.00,"6,280.00",2024-03-10
892,HRL,2024031005001871,45,17,20.00,628.00,"12,560.00",2024-03-10
893,HRL,2024031005001874,45,54,10.00,628.00,"6,280.00",2024-03-10
894,HRL,2024031005001876,41,49,10.00,628.00,"6,280.00",2024-03-10
895,HRL,2024031005001877,41,58,10.00,628.00,"6,280.00",2024-03-10
896,HRL,2024031005001882,41,42,10.00,628.00,"6,280.00",2024-03-10
897,HRL,2024031005001883,41,45,10.00,628.00,"6,280.00",2024-03-10
898,HRL,2024031005001884,46,43,10.00,628.10,"6,281.00",2024-03-10
899,HRL,2024031005001885,46,13,10.00,628.10,"6,281.00",2024-03-10
900,HRL,2024031005001886,46,34,10.00,628.10,"6,281.00",2024-03-10
901,HRL,2024031005001887,46,4,10.00,628.90,"6,289.00",2024-03-10
902,HRL,2024031005001888,46,29,130.00,629.00,"81,770.00",2024-03-10
903,HRL,2024031005001889,46,4,20.00,629.00,"12,580.00",2024-03-10
904,HRL,2024031005001893,46,55,10.00,629.00,"6,290.00",2024-03-10
905,HRL,2024031005001896,41,17,10.00,628.00,"6,280.00",2024-03-10
906,HRL,2024031005001898,58,36,30.00,628.20,"18,846.00",2024-03-10
907,HRL,2024031005001899,58,45,50.00,629.60,"31,480.00",2024-03-10
908,HRL,2024031005001900,58,58,14.00,629.60,"8,814.40",2024-03-10
909,HRL,2024031005001901,58,26,200.00,629.60,"125,920.00",2024-03-10
910,HRL,2024031005001902,58,55,236.00,629.70,"148,609.20",2024-03-10
911,HRL,2024031005001906,58,38,10.00,628.20,"6,282.00",2024-03-10
912,HRL,2024031005001908,8,38,10.00,629.00,"6,290.00",2024-03-10
913,HRL,2024031005001918,58,58,20.00,628.20,"12,564.00",2024-03-10
914,HRL,2024031005001920,58,36,20.00,628.20,"12,564.00",2024-03-10
915,HRL,2024031005001923,58,8,10.00,628.20,"6,282.00",2024-03-10
916,HRL,2024031005001928,58,53,23.00,628.20,"14,448.60",2024-03-10
917,HRL,2024031005001933,58,4,10.00,628.20,"6,282.00",2024-03-10
918,HRL,2024031005001939,58,42,20.00,628.20,"12,564.00",2024-03-10
919,HRL,2024031005001942,58,46,20.00,628.20,"12,564.00",2024-03-10
920,HRL,2024031005001944,58,77,57.00,628.20,"35,807.40",2024-03-10
921,HRL,2024031005001945,25,77,85.00,628.10,"53,388.50",2024-03-10
922,HRL,2024031005001946,41,77,50.00,628.00,"31,400.00",2024-03-10
923,HRL,2024031005001947,21,77,10.00,628.00,"6,280.00",2024-03-10
924,HRL,2024031005001948,29,77,75.00,628.00,"47,100.00",2024-03-10
925,HRL,2024031005001949,45,77,360.00,627.60,"225,936.00",2024-03-10
926,HRL,2024031005001950,32,77,30.00,627.20,"18,816.00",2024-03-10
927,HRL,2024031005001951,4,77,300.00,627.20,"188,160.00",2024-03-10
928,HRL,2024031005001952,74,77,470.00,627.10,"294,737.00",2024-03-10
929,HRL,2024031005001953,36,77,"1,000.00",627.10,"627,100.00",2024-03-10
930,HRL,2024031005001954,35,77,152.00,627.00,"95,304.00",2024-03-10
931,HRL,2024031005001955,47,77,50.00,627.00,"31,350.00",2024-03-10
932,HRL,2024031005001956,4,77,500.00,627.00,"313,500.00",2024-03-10
933,HRL,2024031005001959,26,49,10.00,626.50,"6,265.00",2024-03-10
934,HRL,2024031005001960,26,38,10.00,626.50,"6,265.00",2024-03-10
935,HRL,2024031005001961,38,77,10.00,627.00,"6,270.00",2024-03-10
936,HRL,2024031005001962,26,4,10.00,626.50,"6,265.00",2024-03-10
937,HRL,2024031005001972,26,6,10.00,626.50,"6,265.00",2024-03-10
938,HRL,2024031005001973,26,29,10.00,626.50,"6,265.00",2024-03-10
939,HRL,2024031005001974,26,94,50.00,626.50,"31,325.00",2024-03-10
940,HRL,2024031005001975,7,94,370.00,626.30,"231,731.00",2024-03-10
941,HRL,2024031005001976,63,94,100.00,626.30,"62,630.00",2024-03-10
942,HRL,2024031005001977,36,94,100.00,626.20,"62,620.00",2024-03-10
943,HRL,2024031005001978,59,94,420.00,626.10,"262,962.00",2024-03-10
944,HRL,2024031005001979,69,94,10.00,626.00,"6,260.00",2024-03-10
945,HRL,2024031005001980,63,94,100.00,626.00,"62,600.00",2024-03-10
946,HRL,2024031005001981,63,94,100.00,626.00,"62,600.00",2024-03-10
947,HRL,2024031005001982,63,94,100.00,626.00,"62,600.00",2024-03-10
948,HRL,2024031005001983,38,94,20.00,626.00,"12,520.00",2024-03-10
949,HRL,2024031005001984,86,94,340.00,625.10,"212,534.00",2024-03-10
950,HRL,2024031005001985,42,94,150.00,625.00,"93,750.00",2024-03-10
951,HRL,2024031005001986,58,94,20.00,625.00,"12,500.00",2024-03-10
952,HRL,2024031005001987,45,94,25.00,625.00,"15,625.00",2024-03-10
953,HRL,2024031005001988,4,94,40.00,625.00,"25,000.00",2024-03-10
954,HRL,2024031005001989,34,94,50.00,625.00,"31,250.00",2024-03-10
955,HRL,2024031005001990,36,94,30.00,625.00,"18,750.00",2024-03-10
956,HRL,2024031005001991,46,94,475.00,625.00,"296,875.00",2024-03-10
957,HRL,2024031005001994,46,49,10.00,625.00,"6,250.00",2024-03-10
958,HRL,2024031005002001,46,3,315.00,625.00,"196,875.00",2024-03-10
959,HRL,2024031005002002,46,3,185.00,625.00,"115,625.00",2024-03-10
960,HRL,2024031005002012,46,22,10.00,625.00,"6,250.00",2024-03-10
961,HRL,2024031005002017,58,45,20.00,625.00,"12,500.00",2024-03-10
962,HRL,2024031005002019,58,51,10.00,625.00,"6,250.00",2024-03-10
963,HRL,2024031005002021,25,36,10.00,625.10,"6,251.00",2024-03-10
964,HRL,2024031005002026,25,51,10.00,625.10,"6,251.00",2024-03-10
965,HRL,2024031005002028,25,58,10.00,625.10,"6,251.00",2024-03-10
966,HRL,2024031005002033,58,21,10.00,625.00,"6,250.00",2024-03-10
967,HRL,2024031005002034,58,42,10.00,625.00,"6,250.00",2024-03-10
968,HRL,2024031005002037,58,41,10.00,625.00,"6,250.00",2024-03-10
969,HRL,2024031005002038,58,35,10.00,625.00,"6,250.00",2024-03-10
970,HRL,2024031005002039,58,34,10.00,625.00,"6,250.00",2024-03-10
971,HRL,2024031005002042,58,58,10.00,625.00,"6,250.00",2024-03-10
972,HRL,2024031005002043,55,41,10.00,625.20,"6,252.00",2024-03-10
973,HRL,2024031005002046,58,38,20.00,625.00,"12,500.00",2024-03-10
974,HRL,2024031005002055,58,52,10.00,625.00,"6,250.00",2024-03-10
975,HRL,2024031005002056,58,61,20.00,625.00,"12,500.00",2024-03-10
976,HRL,2024031005002057,58,4,10.00,625.00,"6,250.00",2024-03-10
977,HRL,2024031005002061,58,25,70.00,625.00,"43,750.00",2024-03-10
978,HRL,2024031005002062,58,34,10.00,625.00,"6,250.00",2024-03-10
979,HRL,2024031005002069,58,49,10.00,625.00,"6,250.00",2024-03-10
980,HRL,2024031005002071,58,34,10.00,625.00,"6,250.00",2024-03-10
981,HRL,2024031005002074,57,42,10.00,626.00,"6,260.00",2024-03-10
982,HRL,2024031005002075,57,41,10.00,626.50,"6,265.00",2024-03-10
983,HRL,2024031005002076,57,81,10.00,626.90,"6,269.00",2024-03-10
984,HRL,2024031005002077,55,17,10.00,626.00,"6,260.00",2024-03-10
985,HRL,2024031005002079,58,42,10.00,625.00,"6,250.00",2024-03-10
986,HRL,2024031005002081,58,36,10.00,625.00,"6,250.00",2024-03-10
987,HRL,2024031005002082,58,59,100.00,625.00,"62,500.00",2024-03-10
988,HRL,2024031005002085,58,41,30.00,625.00,"18,750.00",2024-03-10
989,HRL,2024031005002086,58,49,10.00,625.00,"6,250.00",2024-03-10
990,HRL,2024031005002087,58,44,30.00,625.00,"18,750.00",2024-03-10
991,HRL,2024031005002088,58,68,10.00,625.00,"6,250.00",2024-03-10
992,HRL,2024031005002089,58,56,20.00,625.00,"12,500.00",2024-03-10
993,HRL,2024031005002091,58,22,10.00,625.00,"6,250.00",2024-03-10
994,HRL,2024031005002100,58,4,10.00,625.00,"6,250.00",2024-03-10
995,HRL,2024031005002101,58,42,10.00,625.00,"6,250.00",2024-03-10
996,HRL,2024031005002104,14,36,40.00,625.00,"25,000.00",2024-03-10
997,HRL,2024031005002106,14,36,20.00,625.00,"12,500.00",2024-03-10
998,HRL,2024031005002107,14,59,10.00,625.00,"6,250.00",2024-03-10
999,HRL,2024031005002114,14,52,10.00,625.00,"6,250.00",2024-03-10
1000,HRL,2024031005002116,14,42,10.00,625.00,"6,250.00",2024-03-10
1001,HRL,2024031005002121,14,35,10.00,625.00,"6,250.00",2024-03-10
1002,HRL,2024031005002124,57,35,30.00,625.00,"18,750.00",2024-03-10
1003,HRL,2024031005002129,32,36,20.00,624.50,"12,490.00",2024-03-10
1004,HRL,2024031005002131,42,35,20.00,625.00,"12,500.00",2024-03-10
1005,HRL,2024031005002132,32,52,20.00,624.50,"12,490.00",2024-03-10
1006,HRL,2024031005002134,32,58,10.00,624.50,"6,245.00",2024-03-10
1007,HRL,2024031005002135,32,36,20.00,624.50,"12,490.00",2024-03-10
1008,HRL,2024031005002137,32,75,10.00,624.50,"6,245.00",2024-03-10
1009,HRL,2024031005002140,1,35,50.00,625.00,"31,250.00",2024-03-10
1010,HRL,2024031005002142,17,36,10.00,624.60,"6,246.00",2024-03-10
1011,HRL,2024031005002143,17,35,20.00,624.60,"12,492.00",2024-03-10
1012,HRL,2024031005002144,17,36,20.00,624.60,"12,492.00",2024-03-10
1013,HRL,2024031005002145,17,57,10.00,624.60,"6,246.00",2024-03-10
1014,HRL,2024031005002146,17,39,10.00,624.60,"6,246.00",2024-03-10
1015,HRL,2024031005002147,7,39,30.00,624.40,"18,732.00",2024-03-10
1016,HRL,2024031005002151,7,36,20.00,624.40,"12,488.00",2024-03-10
1017,HRL,2024031005002156,45,35,40.00,625.00,"25,000.00",2024-03-10
1018,HRL,2024031005002157,45,49,10.00,625.00,"6,250.00",2024-03-10
1019,HRL,2024031005002158,45,49,50.00,625.00,"31,250.00",2024-03-10
1020,HRL,2024031005002159,7,38,10.00,624.40,"6,244.00",2024-03-10
1021,HRL,2024031005002160,7,63,10.00,624.40,"6,244.00",2024-03-10
1022,HRL,2024031005002164,7,81,70.00,624.40,"43,708.00",2024-03-10
1023,HRL,2024031005002165,58,81,10.00,624.40,"6,244.00",2024-03-10
1024,HRL,2024031005002166,4,81,70.00,624.10,"43,687.00",2024-03-10
1025,HRL,2024031005002167,4,87,10.00,624.10,"6,241.00",2024-03-10
1026,HRL,2024031005002168,4,42,10.00,624.10,"6,241.00",2024-03-10
1027,HRL,2024031005002169,4,42,10.00,624.10,"6,241.00",2024-03-10
1028,HRL,2024031005002170,4,36,10.00,624.10,"6,241.00",2024-03-10
1029,HRL,2024031005002172,4,22,10.00,624.10,"6,241.00",2024-03-10
1030,HRL,2024031005002174,4,36,10.00,624.10,"6,241.00",2024-03-10
1031,HRL,2024031005002175,41,49,10.00,625.00,"6,250.00",2024-03-10
1032,HRL,2024031005002176,41,4,20.00,625.00,"12,500.00",2024-03-10
1033,HRL,2024031005002177,41,6,10.00,625.00,"6,250.00",2024-03-10
1034,HRL,2024031005002178,41,58,10.00,625.00,"6,250.00",2024-03-10
1035,HRL,2024031005002179,41,42,10.00,625.00,"6,250.00",2024-03-10
1036,HRL,2024031005002180,41,45,10.00,625.00,"6,250.00",2024-03-10
1037,HRL,2024031005002181,41,29,10.00,625.00,"6,250.00",2024-03-10
1038,HRL,2024031005002182,41,58,130.00,625.00,"81,250.00",2024-03-10
1039,HRL,2024031005002183,41,34,10.00,625.00,"6,250.00",2024-03-10
1040,HRL,2024031005002184,41,21,10.00,625.00,"6,250.00",2024-03-10
1041,HRL,2024031005002185,41,57,10.00,625.00,"6,250.00",2024-03-10
1042,HRL,2024031005002186,48,5,30.00,624.20,"18,726.00",2024-03-10
1043,HRL,2024031005002190,33,7,20.00,625.00,"12,500.00",2024-03-10
1044,HRL,2024031005002191,33,47,10.00,625.00,"6,250.00",2024-03-10
1045,HRL,2024031005002192,33,7,10.00,625.00,"6,250.00",2024-03-10
1046,HRL,2024031005002193,33,50,30.00,626.00,"18,780.00",2024-03-10
1047,HRL,2024031005002194,33,22,10.00,626.00,"6,260.00",2024-03-10
1048,HRL,2024031005002195,33,6,10.00,626.00,"6,260.00",2024-03-10
1049,HRL,2024031005002196,33,22,20.00,626.00,"12,520.00",2024-03-10
1050,HRL,2024031005002197,33,8,10.00,626.00,"6,260.00",2024-03-10
1051,HRL,2024031005002198,33,4,10.00,626.00,"6,260.00",2024-03-10
1052,HRL,2024031005002199,33,42,10.00,626.00,"6,260.00",2024-03-10
1053,HRL,2024031005002200,33,58,10.00,626.00,"6,260.00",2024-03-10
1054,HRL,2024031005002201,33,49,10.00,626.00,"6,260.00",2024-03-10
1055,HRL,2024031005002202,33,29,10.00,626.00,"6,260.00",2024-03-10
1056,HRL,2024031005002203,33,21,10.00,626.00,"6,260.00",2024-03-10
1057,HRL,2024031005002211,33,42,10.00,626.00,"6,260.00",2024-03-10
1058,HRL,2024031005002214,58,81,90.00,626.90,"56,421.00",2024-03-10
1059,HRL,2024031005002215,58,34,200.00,626.90,"125,380.00",2024-03-10
1060,HRL,2024031005002216,58,94,210.00,626.90,"131,649.00",2024-03-10
1061,HRL,2024031005002219,33,35,20.00,626.00,"12,520.00",2024-03-10
1062,HRL,2024031005002220,57,94,15.00,626.90,"9,403.50",2024-03-10
1063,HRL,2024031005002224,33,49,10.00,626.00,"6,260.00",2024-03-10
1064,HRL,2024031005002225,33,42,10.00,626.00,"6,260.00",2024-03-10
1065,HRL,2024031005002226,33,19,10.00,626.00,"6,260.00",2024-03-10
1066,HRL,2024031005002232,33,32,10.00,626.00,"6,260.00",2024-03-10
1067,HRL,2024031005002233,58,32,140.00,626.00,"87,640.00",2024-03-10
1068,HRL,2024031005002234,58,51,10.00,626.00,"6,260.00",2024-03-10
1069,HRL,2024031005002238,41,94,500.00,626.90,"313,450.00",2024-03-10
1070,HRL,2024031005002239,58,32,10.00,626.00,"6,260.00",2024-03-10
1071,HRL,2024031005002241,58,51,20.00,626.00,"12,520.00",2024-03-10
1072,HRL,2024031005002246,61,94,222.00,626.90,"139,171.80",2024-03-10
1073,HRL,2024031005002247,58,56,10.00,626.00,"6,260.00",2024-03-10
1074,HRL,2024031005002249,58,58,10.00,626.00,"6,260.00",2024-03-10
1075,HRL,2024031005002251,58,59,25.00,626.00,"15,650.00",2024-03-10
1076,HRL,2024031005002252,58,47,10.00,626.00,"6,260.00",2024-03-10
1077,HRL,2024031005002254,58,42,10.00,626.00,"6,260.00",2024-03-10
1078,HRL,2024031005002255,58,42,20.00,626.00,"12,520.00",2024-03-10
1079,HRL,2024031005002256,58,43,10.00,626.00,"6,260.00",2024-03-10
1080,HRL,2024031005002257,58,13,10.00,626.00,"6,260.00",2024-03-10
1081,HRL,2024031005002258,58,7,10.00,626.00,"6,260.00",2024-03-10
1082,HRL,2024031005002262,58,42,10.00,626.00,"6,260.00",2024-03-10
1083,HRL,2024031005002263,58,7,30.00,626.00,"18,780.00",2024-03-10
1084,HRL,2024031005002271,58,26,10.00,626.00,"6,260.00",2024-03-10
1085,HRL,2024031005002272,58,56,20.00,626.00,"12,520.00",2024-03-10
1086,HRL,2024031005002273,58,4,20.00,626.00,"12,520.00",2024-03-10
1087,HRL,2024031005002274,41,58,10.00,626.80,"6,268.00",2024-03-10
1088,HRL,2024031005002275,41,94,53.00,626.90,"33,225.70",2024-03-10
1089,HRL,2024031005002276,41,58,10.00,626.90,"6,269.00",2024-03-10
1090,HRL,2024031005002277,41,58,10.00,626.90,"6,269.00",2024-03-10
1091,HRL,2024031005002278,41,47,10.00,626.90,"6,269.00",2024-03-10
1092,HRL,2024031005002279,41,77,287.00,627.00,"179,949.00",2024-03-10
1093,HRL,2024031005002281,25,22,10.00,626.10,"6,261.00",2024-03-10
1094,HRL,2024031005002283,22,56,10.00,626.10,"6,261.00",2024-03-10
1095,HRL,2024031005002285,22,36,10.00,626.10,"6,261.00",2024-03-10
1096,HRL,2024031005002286,22,49,10.00,626.10,"6,261.00",2024-03-10
1097,HRL,2024031005002287,22,42,10.00,626.10,"6,261.00",2024-03-10
1098,HRL,2024031005002288,22,47,10.00,626.10,"6,261.00",2024-03-10
1099,HRL,2024031005002289,58,36,10.00,626.00,"6,260.00",2024-03-10
1100,HRL,2024031005002291,25,90,10.00,626.10,"6,261.00",2024-03-10
1101,HRL,2024031005002293,58,36,20.00,626.00,"12,520.00",2024-03-10
1102,HRL,2024031005002294,58,60,10.00,626.00,"6,260.00",2024-03-10
1103,HRL,2024031005002295,58,38,10.00,626.00,"6,260.00",2024-03-10
1104,HRL,2024031005002297,25,50,16.00,626.50,"10,024.00",2024-03-10
1105,HRL,2024031005002299,22,36,10.00,626.10,"6,261.00",2024-03-10
1106,HRL,2024031005002301,22,4,10.00,626.10,"6,261.00",2024-03-10
1107,HRL,2024031005002303,22,36,10.00,626.10,"6,261.00",2024-03-10
1108,HRL,2024031005002305,50,58,10.00,626.10,"6,261.00",2024-03-10
1109,HRL,2024031005002306,50,38,20.00,626.10,"12,522.00",2024-03-10
1110,HRL,2024031005002308,25,45,10.00,626.20,"6,262.00",2024-03-10
1111,HRL,2024031005002309,25,41,10.00,626.20,"6,262.00",2024-03-10
1112,HRL,2024031005002310,25,94,180.00,626.20,"112,716.00",2024-03-10
1113,HRL,2024031005002311,50,94,170.00,626.10,"106,437.00",2024-03-10
1114,HRL,2024031005002312,58,94,65.00,626.00,"40,690.00",2024-03-10
1115,HRL,2024031005002313,34,94,200.00,626.00,"125,200.00",2024-03-10
1116,HRL,2024031005002314,42,94,100.00,626.00,"62,600.00",2024-03-10
1117,HRL,2024031005002315,8,94,10.00,626.00,"6,260.00",2024-03-10
1118,HRL,2024031005002317,58,45,30.00,625.00,"18,750.00",2024-03-10
1119,HRL,2024031005002318,58,36,10.00,625.00,"6,250.00",2024-03-10
1120,HRL,2024031005002319,41,47,10.00,625.00,"6,250.00",2024-03-10
1121,HRL,2024031005002323,41,8,20.00,625.00,"12,500.00",2024-03-10
1122,HRL,2024031005002324,45,94,30.00,626.00,"18,780.00",2024-03-10
1123,HRL,2024031005002325,41,36,10.00,625.00,"6,250.00",2024-03-10
1124,HRL,2024031005002326,41,35,10.00,625.00,"6,250.00",2024-03-10
1125,HRL,2024031005002327,41,42,10.00,625.00,"6,250.00",2024-03-10
1126,HRL,2024031005002329,41,36,10.00,625.00,"6,250.00",2024-03-10
1127,HRL,2024031005002333,41,36,10.00,625.00,"6,250.00",2024-03-10
1128,HRL,2024031005002334,58,37,500.00,625.00,"312,500.00",2024-03-10
1129,HRL,2024031005002335,41,37,127.00,625.00,"79,375.00",2024-03-10
1130,HRL,2024031005002336,26,37,155.00,625.00,"96,875.00",2024-03-10
1131,HRL,2024031005002337,61,37,218.00,625.00,"136,250.00",2024-03-10
1132,HRL,2024031005002338,61,45,182.00,625.00,"113,750.00",2024-03-10
1133,HRL,2024031005002340,32,55,10.00,624.40,"6,244.00",2024-03-10
1134,HRL,2024031005002341,7,45,18.00,625.00,"11,250.00",2024-03-10
1135,HRL,2024031005002343,32,36,10.00,624.40,"6,244.00",2024-03-10
1136,HRL,2024031005002345,32,43,10.00,624.40,"6,244.00",2024-03-10
1137,HRL,2024031005002347,32,36,10.00,624.40,"6,244.00",2024-03-10
1138,HRL,2024031005002348,42,13,10.00,624.50,"6,245.00",2024-03-10
1139,HRL,2024031005002349,67,36,10.00,625.00,"6,250.00",2024-03-10
1140,HRL,2024031005002352,32,36,10.00,624.40,"6,244.00",2024-03-10
1141,HRL,2024031005002354,32,43,10.00,624.40,"6,244.00",2024-03-10
1142,HRL,2024031005002356,32,57,10.00,624.40,"6,244.00",2024-03-10
1143,HRL,2024031005002357,50,43,10.00,624.40,"6,244.00",2024-03-10
1144,HRL,2024031005002358,50,36,10.00,624.40,"6,244.00",2024-03-10
1145,HRL,2024031005002359,50,43,10.00,624.40,"6,244.00",2024-03-10
1146,HRL,2024031005002360,50,6,10.00,624.40,"6,244.00",2024-03-10
1147,HRL,2024031005002366,50,42,10.00,624.40,"6,244.00",2024-03-10
1148,HRL,2024031005002368,50,6,10.00,624.40,"6,244.00",2024-03-10
1149,HRL,2024031005002369,50,81,150.00,624.40,"93,660.00",2024-03-10
1150,HRL,2024031005002370,58,16,20.00,625.00,"12,500.00",2024-03-10
1151,HRL,2024031005002371,58,49,10.00,625.00,"6,250.00",2024-03-10
1152,HRL,2024031005002372,58,45,10.00,625.00,"6,250.00",2024-03-10
1153,HRL,2024031005002373,58,29,10.00,625.00,"6,250.00",2024-03-10
1154,HRL,2024031005002374,58,22,20.00,625.10,"12,502.00",2024-03-10
1155,HRL,2024031005002376,58,36,10.00,625.10,"6,251.00",2024-03-10
1156,HRL,2024031005002377,58,58,10.00,625.10,"6,251.00",2024-03-10
1157,HRL,2024031005002378,58,45,10.00,625.10,"6,251.00",2024-03-10
1158,HRL,2024031005002383,58,49,10.00,625.10,"6,251.00",2024-03-10
1159,HRL,2024031005002385,58,36,10.00,625.10,"6,251.00",2024-03-10
1160,HRL,2024031005002388,58,58,20.00,625.10,"12,502.00",2024-03-10
1161,HRL,2024031005002389,13,56,20.00,625.20,"12,504.00",2024-03-10
1162,HRL,2024031005002390,58,36,20.00,625.10,"12,502.00",2024-03-10
1163,HRL,2024031005002391,58,38,10.00,625.10,"6,251.00",2024-03-10
1164,HRL,2024031005002392,58,41,20.00,625.10,"12,502.00",2024-03-10
1165,HRL,2024031005002396,58,26,10.00,625.10,"6,251.00",2024-03-10
1166,HRL,2024031005002397,58,36,20.00,625.10,"12,502.00",2024-03-10
1167,HRL,2024031005002398,58,41,10.00,625.10,"6,251.00",2024-03-10
1168,HRL,2024031005002405,34,56,20.00,625.50,"12,510.00",2024-03-10
1169,HRL,2024031005002406,34,57,10.00,625.50,"6,255.00",2024-03-10
1170,HRL,2024031005002407,34,42,10.00,625.50,"6,255.00",2024-03-10
1171,HRL,2024031005002409,34,36,20.00,625.50,"12,510.00",2024-03-10
1172,HRL,2024031005002410,34,34,10.00,625.50,"6,255.00",2024-03-10
1173,HRL,2024031005002414,34,38,10.00,625.50,"6,255.00",2024-03-10
1174,HRL,2024031005002415,34,36,20.00,625.50,"12,510.00",2024-03-10
1175,HRL,2024031005002417,34,36,20.00,625.50,"12,510.00",2024-03-10
1176,HRL,2024031005002418,34,38,10.00,625.50,"6,255.00",2024-03-10
1177,HRL,2024031005002419,34,36,10.00,625.50,"6,255.00",2024-03-10
1178,HRL,2024031005002421,34,36,10.00,625.50,"6,255.00",2024-03-10
1179,HRL,2024031005002422,34,36,20.00,625.50,"12,510.00",2024-03-10
1180,HRL,2024031005002427,34,35,10.00,625.50,"6,255.00",2024-03-10
1181,HRL,2024031005002430,34,36,20.00,625.50,"12,510.00",2024-03-10
1182,HRL,2024031005002432,34,4,10.00,625.50,"6,255.00",2024-03-10
1183,HRL,2024031005002433,34,22,20.00,625.50,"12,510.00",2024-03-10
1184,HRL,2024031005002434,34,38,20.00,625.50,"12,510.00",2024-03-10
1185,HRL,2024031005002435,34,39,10.00,625.50,"6,255.00",2024-03-10
1186,HRL,2024031005002436,34,1,10.00,625.50,"6,255.00",2024-03-10
1187,HRL,2024031005002437,34,36,20.00,625.50,"12,510.00",2024-03-10
1188,HRL,2024031005002438,34,35,10.00,625.50,"6,255.00",2024-03-10
1189,HRL,2024031005002444,34,56,20.00,625.50,"12,510.00",2024-03-10
1190,HRL,2024031005002447,34,49,10.00,625.50,"6,255.00",2024-03-10
1191,HRL,2024031005002448,34,35,10.00,625.50,"6,255.00",2024-03-10
1192,HRL,2024031005002449,34,45,10.00,625.50,"6,255.00",2024-03-10
1193,HRL,2024031005002450,34,3,10.00,625.50,"6,255.00",2024-03-10
1194,HRL,2024031005002451,34,36,10.00,625.50,"6,255.00",2024-03-10
1195,HRL,2024031005002458,34,49,10.00,625.50,"6,255.00",2024-03-10
1196,HRL,2024031005002459,34,19,10.00,625.50,"6,255.00",2024-03-10
1197,HRL,2024031005002468,77,94,745.00,626.00,"466,370.00",2024-03-10
1198,HRL,2024031005002469,77,58,10.00,626.00,"6,260.00",2024-03-10
1199,HRL,2024031005002470,77,41,10.00,626.00,"6,260.00",2024-03-10
1200,HRL,2024031005002471,77,35,10.00,626.00,"6,260.00",2024-03-10
1201,HRL,2024031005002472,77,45,20.00,626.00,"12,520.00",2024-03-10
1202,HRL,2024031005002473,77,58,10.00,626.00,"6,260.00",2024-03-10
1203,HRL,2024031005002474,77,50,30.00,626.00,"18,780.00",2024-03-10
1204,HRL,2024031005002475,77,28,10.00,626.00,"6,260.00",2024-03-10
1205,HRL,2024031005002476,77,57,40.00,626.00,"25,040.00",2024-03-10
1206,HRL,2024031005002477,77,1,10.00,626.00,"6,260.00",2024-03-10
1207,HRL,2024031005002478,77,49,10.00,626.00,"6,260.00",2024-03-10
1208,HRL,2024031005002479,77,21,10.00,626.00,"6,260.00",2024-03-10
1209,HRL,2024031005002480,77,39,10.00,626.00,"6,260.00",2024-03-10
1210,HRL,2024031005002481,77,22,20.00,626.00,"12,520.00",2024-03-10
1211,HRL,2024031005002487,41,4,10.00,626.00,"6,260.00",2024-03-10
1212,HRL,2024031005002488,41,38,10.00,626.00,"6,260.00",2024-03-10
1213,HRL,2024031005002492,41,34,10.00,626.00,"6,260.00",2024-03-10
1214,HRL,2024031005002495,34,38,10.00,625.50,"6,255.00",2024-03-10
1215,HRL,2024031005002499,34,58,10.00,625.50,"6,255.00",2024-03-10
1216,HRL,2024031005002500,34,40,30.00,625.50,"18,765.00",2024-03-10
1217,HRL,2024031005002503,34,57,20.00,625.50,"12,510.00",2024-03-10
1218,HRL,2024031005002504,34,38,10.00,625.50,"6,255.00",2024-03-10
1219,HRL,2024031005002507,34,36,10.00,625.50,"6,255.00",2024-03-10
1220,HRL,2024031005002511,34,45,20.00,625.50,"12,510.00",2024-03-10
1221,HRL,2024031005002512,49,14,10.00,625.50,"6,255.00",2024-03-10
1222,HRL,2024031005002514,49,35,10.00,625.50,"6,255.00",2024-03-10
1223,HRL,2024031005002515,17,38,10.00,625.50,"6,255.00",2024-03-10
1224,HRL,2024031005002520,45,16,10.00,625.80,"6,258.00",2024-03-10
1225,HRL,2024031005002521,45,40,10.00,625.90,"6,259.00",2024-03-10
1226,HRL,2024031005002522,45,41,10.00,626.00,"6,260.00",2024-03-10
1227,HRL,2024031005002523,17,57,10.00,625.50,"6,255.00",2024-03-10
1228,HRL,2024031005002526,29,19,20.00,625.30,"12,506.00",2024-03-10
1229,HRL,2024031005002530,47,57,10.00,625.50,"6,255.00",2024-03-10
1230,HRL,2024031005002531,47,42,10.00,625.50,"6,255.00",2024-03-10
1231,HRL,2024031005002532,29,35,10.00,625.30,"6,253.00",2024-03-10
1232,HRL,2024031005002533,29,57,10.00,625.30,"6,253.00",2024-03-10
1233,HRL,2024031005002534,55,57,10.00,625.20,"6,252.00",2024-03-10
1234,HRL,2024031005002537,55,41,10.00,625.20,"6,252.00",2024-03-10
1235,HRL,2024031005002538,55,19,20.00,625.20,"12,504.00",2024-03-10
1236,HRL,2024031005002539,55,49,20.00,625.20,"12,504.00",2024-03-10
1237,HRL,2024031005002540,55,8,10.00,625.20,"6,252.00",2024-03-10
1238,HRL,2024031005002541,41,56,20.00,625.30,"12,506.00",2024-03-10
1239,HRL,2024031005002543,41,19,20.00,625.30,"12,506.00",2024-03-10
1240,HRL,2024031005002544,41,84,460.00,625.30,"287,638.00",2024-03-10
1241,HRL,2024031005002547,6,84,20.00,625.30,"12,506.00",2024-03-10
1242,HRL,2024031005002548,55,8,10.00,625.20,"6,252.00",2024-03-10
1243,HRL,2024031005002549,7,6,2.00,625.00,"1,250.00",2024-03-10
1244,HRL,2024031005002551,28,84,20.00,625.30,"12,506.00",2024-03-10
1245,HRL,2024031005002552,28,4,20.00,625.30,"12,506.00",2024-03-10
1246,HRL,2024031005002553,28,58,10.00,625.30,"6,253.00",2024-03-10
1247,HRL,2024031005002554,28,55,10.00,625.30,"6,253.00",2024-03-10
1248,HRL,2024031005002558,28,58,20.00,625.30,"12,506.00",2024-03-10
1249,HRL,2024031005002559,28,55,10.00,625.30,"6,253.00",2024-03-10
1250,HRL,2024031005002560,28,58,10.00,625.30,"6,253.00",2024-03-10
1251,HRL,2024031005002561,55,58,20.00,625.20,"12,504.00",2024-03-10
1252,HRL,2024031005002562,77,58,70.00,625.20,"43,764.00",2024-03-10
1253,HRL,2024031005002564,61,38,10.00,625.50,"6,255.00",2024-03-10
1254,HRL,2024031005002565,61,42,20.00,625.50,"12,510.00",2024-03-10
1255,HRL,2024031005002566,61,7,10.00,625.50,"6,255.00",2024-03-10
1256,HRL,2024031005002576,61,49,10.00,625.50,"6,255.00",2024-03-10
1257,HRL,2024031005002579,61,42,10.00,625.50,"6,255.00",2024-03-10
1258,HRL,2024031005002580,61,25,10.00,625.50,"6,255.00",2024-03-10
1259,HRL,2024031005002582,13,41,10.00,626.00,"6,260.00",2024-03-10
1260,HRL,2024031005002583,13,50,14.00,626.00,"8,764.00",2024-03-10
1261,HRL,2024031005002584,13,58,10.00,626.00,"6,260.00",2024-03-10
1262,HRL,2024031005002585,13,58,20.00,626.00,"12,520.00",2024-03-10
1263,HRL,2024031005002586,13,49,10.00,626.00,"6,260.00",2024-03-10
1264,HRL,2024031005002587,13,52,10.00,626.00,"6,260.00",2024-03-10
1265,HRL,2024031005002588,13,48,10.00,626.00,"6,260.00",2024-03-10
1266,HRL,2024031005002589,13,4,20.00,626.00,"12,520.00",2024-03-10
1267,HRL,2024031005002590,13,6,20.00,626.00,"12,520.00",2024-03-10
1268,HRL,2024031005002591,13,35,10.00,626.00,"6,260.00",2024-03-10
1269,HRL,2024031005002592,13,42,10.00,626.00,"6,260.00",2024-03-10
1270,HRL,2024031005002593,13,58,10.00,626.00,"6,260.00",2024-03-10
1271,HRL,2024031005002594,13,6,10.00,626.00,"6,260.00",2024-03-10
1272,HRL,2024031005002595,13,77,20.00,626.00,"12,520.00",2024-03-10
1273,HRL,2024031005002596,13,54,10.00,626.00,"6,260.00",2024-03-10
1274,HRL,2024031005002597,61,55,10.00,625.50,"6,255.00",2024-03-10
1275,HRL,2024031005002598,61,49,10.00,625.50,"6,255.00",2024-03-10
1276,HRL,2024031005002599,61,57,10.00,625.50,"6,255.00",2024-03-10
1277,HRL,2024031005002602,28,57,10.00,626.00,"6,260.00",2024-03-10
1278,HRL,2024031005002603,28,11,10.00,626.00,"6,260.00",2024-03-10
1279,HRL,2024031005002604,28,57,10.00,626.00,"6,260.00",2024-03-10
1280,HRL,2024031005002607,61,58,10.00,625.50,"6,255.00",2024-03-10
1281,HRL,2024031005002608,51,42,10.00,626.00,"6,260.00",2024-03-10
1282,HRL,2024031005002615,61,32,30.00,625.50,"18,765.00",2024-03-10
1283,HRL,2024031005002617,34,42,20.00,626.00,"12,520.00",2024-03-10
1284,HRL,2024031005002618,34,57,20.00,626.00,"12,520.00",2024-03-10
1285,HRL,2024031005002619,34,45,10.00,626.00,"6,260.00",2024-03-10
1286,HRL,2024031005002620,34,56,20.00,626.00,"12,520.00",2024-03-10
1287,HRL,2024031005002622,34,94,10.00,626.00,"6,260.00",2024-03-10
1288,HRL,2024031005002623,57,94,400.00,626.00,"250,400.00",2024-03-10
1289,HRL,2024031005002631,61,49,60.00,625.50,"37,530.00",2024-03-10
1290,HRL,2024031005002632,48,49,35.00,625.50,"21,892.50",2024-03-10
1291,HRL,2024031005002633,3,49,55.00,625.40,"34,397.00",2024-03-10
1292,HRL,2024031005002635,3,58,10.00,625.40,"6,254.00",2024-03-10
1293,HRL,2024031005002639,62,55,10.00,625.50,"6,255.00",2024-03-10
1294,HRL,2024031005002640,62,94,10.00,626.00,"6,260.00",2024-03-10
1295,HRL,2024031005002644,3,8,10.00,625.40,"6,254.00",2024-03-10
1296,HRL,2024031005002646,3,42,10.00,625.40,"6,254.00",2024-03-10
1297,HRL,2024031005002647,3,55,10.00,625.40,"6,254.00",2024-03-10
1298,HRL,2024031005002652,29,58,18.00,625.50,"11,259.00",2024-03-10
1299,HRL,2024031005002653,26,58,20.00,625.50,"12,510.00",2024-03-10
1300,HRL,2024031005002654,3,49,20.00,625.40,"12,508.00",2024-03-10
1301,HRL,2024031005002655,3,35,20.00,625.40,"12,508.00",2024-03-10
1302,HRL,2024031005002656,3,55,365.00,625.40,"228,271.00",2024-03-10
1303,HRL,2024031005002657,3,55,500.00,625.40,"312,700.00",2024-03-10
1304,HRL,2024031005002658,4,55,335.00,625.40,"209,509.00",2024-03-10
1305,HRL,2024031005002659,4,42,20.00,625.40,"12,508.00",2024-03-10
1306,HRL,2024031005002670,4,52,10.00,625.40,"6,254.00",2024-03-10
1307,HRL,2024031005002671,4,34,10.00,625.40,"6,254.00",2024-03-10
1308,HRL,2024031005002674,4,51,10.00,625.40,"6,254.00",2024-03-10
1309,HRL,2024031005002677,57,58,10.00,625.50,"6,255.00",2024-03-10
1310,HRL,2024031005002679,57,34,10.00,625.50,"6,255.00",2024-03-10
1311,HRL,2024031005002680,4,34,10.00,625.40,"6,254.00",2024-03-10
1312,HRL,2024031005002681,22,94,280.00,626.00,"175,280.00",2024-03-10
1313,HRL,2024031005002682,22,94,700.00,626.00,"438,200.00",2024-03-10
1314,HRL,2024031005002683,22,94,20.00,626.00,"12,520.00",2024-03-10
1315,HRL,2024031005002686,58,56,130.00,625.90,"81,367.00",2024-03-10
1316,HRL,2024031005002687,58,94,140.00,626.00,"87,640.00",2024-03-10
1317,HRL,2024031005002688,4,34,20.00,625.40,"12,508.00",2024-03-10
1318,HRL,2024031005002689,58,94,440.00,626.00,"275,440.00",2024-03-10
1319,HRL,2024031005002690,58,42,10.00,626.00,"6,260.00",2024-03-10
1320,HRL,2024031005002691,58,21,10.00,626.00,"6,260.00",2024-03-10
1321,HRL,2024031005002692,58,38,10.00,626.00,"6,260.00",2024-03-10
1322,HRL,2024031005002693,58,45,30.00,626.00,"18,780.00",2024-03-10
1323,HRL,2024031005002694,21,42,20.00,626.00,"12,520.00",2024-03-10
1324,HRL,2024031005002695,4,34,10.00,625.40,"6,254.00",2024-03-10
1325,HRL,2024031005002701,56,6,10.00,625.50,"6,255.00",2024-03-10
1326,HRL,2024031005002703,56,10,10.00,625.50,"6,255.00",2024-03-10
1327,HRL,2024031005002704,4,10,10.00,625.40,"6,254.00",2024-03-10
1328,HRL,2024031005002705,4,34,10.00,625.40,"6,254.00",2024-03-10
1329,HRL,2024031005002706,4,42,10.00,625.40,"6,254.00",2024-03-10
1330,HRL,2024031005002708,4,58,20.00,625.40,"12,508.00",2024-03-10
1331,HRL,2024031005002709,4,28,10.00,625.40,"6,254.00",2024-03-10
1332,HRL,2024031005002710,4,7,10.00,625.40,"6,254.00",2024-03-10
1333,HRL,2024031005002711,57,10,10.00,625.40,"6,254.00",2024-03-10
1334,HRL,2024031005002714,57,28,10.00,625.40,"6,254.00",2024-03-10
1335,HRL,2024031005002715,34,49,30.00,625.50,"18,765.00",2024-03-10
1336,HRL,2024031005002717,34,58,20.00,625.50,"12,510.00",2024-03-10
1337,HRL,2024031005002718,34,58,10.00,625.50,"6,255.00",2024-03-10
1338,HRL,2024031005002719,34,42,10.00,625.50,"6,255.00",2024-03-10
1339,HRL,2024031005002722,34,7,10.00,625.50,"6,255.00",2024-03-10
1340,HRL,2024031005002729,34,50,20.00,625.50,"12,510.00",2024-03-10
1341,HRL,2024031005002730,57,50,10.00,625.40,"6,254.00",2024-03-10
1342,HRL,2024031005002731,48,50,20.00,625.40,"12,508.00",2024-03-10
1343,HRL,2024031005002732,21,50,10.00,625.40,"6,254.00",2024-03-10
1344,HRL,2024031005002733,26,50,100.00,625.30,"62,530.00",2024-03-10
1345,HRL,2024031005002734,77,50,20.00,625.20,"12,504.00",2024-03-10
1346,HRL,2024031005002735,77,49,20.00,625.20,"12,504.00",2024-03-10
1347,HRL,2024031005002740,58,58,10.00,625.50,"6,255.00",2024-03-10
1348,HRL,2024031005002742,58,48,10.00,625.50,"6,255.00",2024-03-10
1349,HRL,2024031005002746,58,38,10.00,625.50,"6,255.00",2024-03-10
1350,HRL,2024031005002747,77,38,10.00,625.20,"6,252.00",2024-03-10
1351,HRL,2024031005002752,77,38,20.00,625.20,"12,504.00",2024-03-10
1352,HRL,2024031005002765,77,35,10.00,625.20,"6,252.00",2024-03-10
1353,HRL,2024031005002774,77,38,10.00,625.20,"6,252.00",2024-03-10
1354,HRL,2024031005002775,77,33,10.00,625.20,"6,252.00",2024-03-10
1355,HRL,2024031005002776,42,49,10.00,625.50,"6,255.00",2024-03-10
1356,HRL,2024031005002777,5,42,10.00,626.00,"6,260.00",2024-03-10
1357,HRL,2024031005002778,5,44,20.00,626.00,"12,520.00",2024-03-10
1358,HRL,2024031005002779,5,34,10.00,626.00,"6,260.00",2024-03-10
1359,HRL,2024031005002780,5,58,10.00,626.00,"6,260.00",2024-03-10
1360,HRL,2024031005002781,5,41,10.00,626.00,"6,260.00",2024-03-10
1361,HRL,2024031005002782,5,42,10.00,626.00,"6,260.00",2024-03-10
1362,HRL,2024031005002783,42,42,20.00,625.50,"12,510.00",2024-03-10
1363,HRL,2024031005002784,77,42,230.00,625.20,"143,796.00",2024-03-10
1364,HRL,2024031005002785,37,42,70.00,625.20,"43,764.00",2024-03-10
1365,HRL,2024031005002786,37,51,10.00,625.20,"6,252.00",2024-03-10
1366,HRL,2024031005002788,13,58,10.00,625.50,"6,255.00",2024-03-10
1367,HRL,2024031005002789,13,16,10.00,625.90,"6,259.00",2024-03-10
1368,HRL,2024031005002790,13,26,10.00,626.00,"6,260.00",2024-03-10
1369,HRL,2024031005002791,13,45,10.00,626.00,"6,260.00",2024-03-10
1370,HRL,2024031005002792,13,52,10.00,626.00,"6,260.00",2024-03-10
1371,HRL,2024031005002793,13,29,10.00,626.00,"6,260.00",2024-03-10
1372,HRL,2024031005002794,13,6,10.00,626.00,"6,260.00",2024-03-10
1373,HRL,2024031005002795,13,55,130.00,626.00,"81,380.00",2024-03-10
1374,HRL,2024031005002797,37,34,10.00,625.20,"6,252.00",2024-03-10
1375,HRL,2024031005002800,37,42,10.00,625.20,"6,252.00",2024-03-10
1376,HRL,2024031005002802,45,55,10.00,625.20,"6,252.00",2024-03-10
1377,HRL,2024031005002810,45,7,20.00,625.20,"12,504.00",2024-03-10
1378,HRL,2024031005002811,45,58,10.00,625.20,"6,252.00",2024-03-10
1379,HRL,2024031005002812,45,35,10.00,625.20,"6,252.00",2024-03-10
1380,HRL,2024031005002814,45,55,10.00,625.20,"6,252.00",2024-03-10
1381,HRL,2024031005002815,45,58,10.00,625.20,"6,252.00",2024-03-10
1382,HRL,2024031005002820,45,58,10.00,625.20,"6,252.00",2024-03-10
1383,HRL,2024031005002821,45,32,20.00,625.20,"12,504.00",2024-03-10
1384,HRL,2024031005002822,7,22,20.00,625.20,"12,504.00",2024-03-10
1385,HRL,2024031005002823,7,8,10.00,625.20,"6,252.00",2024-03-10
1386,HRL,2024031005002826,57,38,10.00,625.00,"6,250.00",2024-03-10
1387,HRL,2024031005002828,57,46,10.00,625.00,"6,250.00",2024-03-10
1388,HRL,2024031005002829,57,42,10.00,625.00,"6,250.00",2024-03-10
1389,HRL,2024031005002838,19,55,20.00,626.00,"12,520.00",2024-03-10
1390,HRL,2024031005002839,36,37,50.00,625.10,"31,255.00",2024-03-10
1391,HRL,2024031005002840,57,37,70.00,625.00,"43,750.00",2024-03-10
1392,HRL,2024031005002841,57,37,20.00,625.00,"12,500.00",2024-03-10
1393,HRL,2024031005002842,82,37,35.00,625.00,"21,875.00",2024-03-10
1394,HRL,2024031005002843,32,37,20.00,625.00,"12,500.00",2024-03-10
1395,HRL,2024031005002844,58,37,500.00,625.00,"312,500.00",2024-03-10
1396,HRL,2024031005002845,57,37,100.00,625.00,"62,500.00",2024-03-10
1397,HRL,2024031005002846,49,37,10.00,625.00,"6,250.00",2024-03-10
1398,HRL,2024031005002847,58,37,16.00,625.00,"10,000.00",2024-03-10
1399,HRL,2024031005002848,48,37,20.00,625.00,"12,500.00",2024-03-10
1400,HRL,2024031005002849,54,37,100.00,625.00,"62,500.00",2024-03-10
1401,HRL,2024031005002850,57,37,59.00,625.00,"36,875.00",2024-03-10
1402,HRL,2024031005002851,57,45,10.00,625.00,"6,250.00",2024-03-10
1403,HRL,2024031005002856,57,32,10.00,625.00,"6,250.00",2024-03-10
1404,HRL,2024031005002858,36,55,10.00,624.50,"6,245.00",2024-03-10
1405,HRL,2024031005002859,29,5,10.00,625.00,"6,250.00",2024-03-10
1406,HRL,2024031005002860,29,58,10.00,625.00,"6,250.00",2024-03-10
1407,HRL,2024031005002862,50,35,10.00,624.40,"6,244.00",2024-03-10
1408,HRL,2024031005002863,50,55,10.00,624.40,"6,244.00",2024-03-10
1409,HRL,2024031005002868,50,32,10.00,624.40,"6,244.00",2024-03-10
1410,HRL,2024031005002869,58,58,10.00,625.00,"6,250.00",2024-03-10
1411,HRL,2024031005002870,58,41,10.00,625.00,"6,250.00",2024-03-10
1412,HRL,2024031005002871,58,66,20.00,625.00,"12,500.00",2024-03-10
1413,HRL,2024031005002872,50,35,10.00,624.40,"6,244.00",2024-03-10
1414,HRL,2024031005002873,50,45,10.00,624.40,"6,244.00",2024-03-10
1415,HRL,2024031005002874,50,55,10.00,624.40,"6,244.00",2024-03-10
1416,HRL,2024031005002876,29,66,10.00,625.00,"6,250.00",2024-03-10
1417,HRL,2024031005002879,29,66,70.00,625.00,"43,750.00",2024-03-10
1418,HRL,2024031005002880,29,4,10.00,625.00,"6,250.00",2024-03-10
1419,HRL,2024031005002883,47,46,20.00,625.00,"12,500.00",2024-03-10
1420,HRL,2024031005002884,47,19,10.00,625.00,"6,250.00",2024-03-10
1421,HRL,2024031005002885,47,58,10.00,625.00,"6,250.00",2024-03-10
1422,HRL,2024031005002886,47,4,10.00,625.00,"6,250.00",2024-03-10
1423,HRL,2024031005002888,34,45,10.00,624.50,"6,245.00",2024-03-10
1424,HRL,2024031005002890,42,4,10.00,625.00,"6,250.00",2024-03-10
1425,HRL,2024031005002891,42,49,10.00,625.00,"6,250.00",2024-03-10
1426,HRL,2024031005002892,42,42,20.00,625.00,"12,500.00",2024-03-10
1427,HRL,2024031005002893,42,45,10.00,625.00,"6,250.00",2024-03-10
1428,HRL,2024031005002898,42,41,10.00,625.00,"6,250.00",2024-03-10
1429,HRL,2024031005002899,42,6,10.00,625.00,"6,250.00",2024-03-10
1430,HRL,2024031005002904,42,39,20.00,625.00,"12,500.00",2024-03-10
1431,HRL,2024031005002907,42,6,10.00,625.00,"6,250.00",2024-03-10
1432,HRL,2024031005002911,4,58,10.00,625.00,"6,250.00",2024-03-10
1433,HRL,2024031005002921,42,56,20.00,624.50,"12,490.00",2024-03-10
1434,HRL,2024031005002923,52,65,50.00,624.50,"31,225.00",2024-03-10
1435,HRL,2024031005002924,41,65,240.00,624.50,"149,880.00",2024-03-10
1436,HRL,2024031005002925,41,6,10.00,624.50,"6,245.00",2024-03-10
1437,HRL,2024031005002926,41,45,10.00,624.50,"6,245.00",2024-03-10
1438,HRL,2024031005002929,41,32,10.00,624.50,"6,245.00",2024-03-10
1439,HRL,2024031005002932,4,35,15.00,625.00,"9,375.00",2024-03-10
1440,HRL,2024031005002933,41,58,10.00,624.50,"6,245.00",2024-03-10
1441,HRL,2024031005002944,41,19,20.00,624.50,"12,490.00",2024-03-10
1442,HRL,2024031005002945,21,19,10.00,624.50,"6,245.00",2024-03-10
1443,HRL,2024031005002946,50,19,20.00,624.40,"12,488.00",2024-03-10
1444,HRL,2024031005002947,52,35,32.00,625.00,"20,000.00",2024-03-10
1445,HRL,2024031005002948,6,35,3.00,625.00,"1,875.00",2024-03-10
1446,HRL,2024031005002949,50,38,10.00,624.40,"6,244.00",2024-03-10
1447,HRL,2024031005002952,36,41,10.00,624.40,"6,244.00",2024-03-10
1448,HRL,2024031005002953,36,42,10.00,624.40,"6,244.00",2024-03-10
1449,HRL,2024031005002965,36,49,10.00,624.40,"6,244.00",2024-03-10
1450,HRL,2024031005002968,29,46,10.00,624.60,"6,246.00",2024-03-10
1451,HRL,2024031005002971,34,19,90.00,624.60,"56,214.00",2024-03-10
1452,HRL,2024031005002972,36,19,70.00,624.40,"43,708.00",2024-03-10
1453,HRL,2024031005002973,34,19,100.00,624.40,"62,440.00",2024-03-10
1454,HRL,2024031005002974,25,19,19.00,624.30,"11,861.70",2024-03-10
1455,HRL,2024031005002975,48,19,10.00,624.20,"6,242.00",2024-03-10
1456,HRL,2024031005002976,34,19,30.00,624.20,"18,726.00",2024-03-10
1457,HRL,2024031005002977,6,19,50.00,624.20,"31,210.00",2024-03-10
1458,HRL,2024031005002978,3,19,10.00,624.20,"6,242.00",2024-03-10
1459,HRL,2024031005002979,38,19,521.00,624.10,"325,156.10",2024-03-10
1460,HRL,2024031005002984,38,35,20.00,624.10,"12,482.00",2024-03-10
1461,HRL,2024031005002985,38,65,20.00,624.10,"12,482.00",2024-03-10
1462,HRL,2024031005002986,38,42,10.00,624.10,"6,241.00",2024-03-10
1463,HRL,2024031005002988,58,59,10.00,624.60,"6,246.00",2024-03-10
1464,HRL,2024031005002989,58,58,10.00,624.60,"6,246.00",2024-03-10
1465,HRL,2024031005002995,21,19,10.00,624.60,"6,246.00",2024-03-10
1466,HRL,2024031005002999,38,19,20.00,624.10,"12,482.00",2024-03-10
1467,HRL,2024031005003002,46,44,40.00,624.90,"24,996.00",2024-03-10
1468,HRL,2024031005003003,46,42,10.00,624.90,"6,249.00",2024-03-10
1469,HRL,2024031005003004,46,54,20.00,625.00,"12,500.00",2024-03-10
1470,HRL,2024031005003005,46,42,10.00,625.00,"6,250.00",2024-03-10
1471,HRL,2024031005003006,46,36,20.00,625.00,"12,500.00",2024-03-10
1472,HRL,2024031005003007,46,21,40.00,625.00,"25,000.00",2024-03-10
1473,HRL,2024031005003008,46,58,30.00,625.00,"18,750.00",2024-03-10
1474,HRL,2024031005003009,46,67,15.00,625.00,"9,375.00",2024-03-10
1475,HRL,2024031005003010,46,67,5.00,625.00,"3,125.00",2024-03-10
1476,HRL,2024031005003012,38,22,409.00,624.10,"255,256.90",2024-03-10
1477,HRL,2024031005003013,38,22,40.00,624.10,"24,964.00",2024-03-10
1478,HRL,2024031005003014,8,22,261.00,624.00,"162,864.00",2024-03-10
1479,HRL,2024031005003015,59,22,20.00,624.00,"12,480.00",2024-03-10
1480,HRL,2024031005003016,47,22,50.00,624.00,"31,200.00",2024-03-10
1481,HRL,2024031005003017,58,22,28.00,624.00,"17,472.00",2024-03-10
1482,HRL,2024031005003018,22,22,10.00,624.00,"6,240.00",2024-03-10
1483,HRL,2024031005003019,51,22,250.00,624.00,"156,000.00",2024-03-10
1484,HRL,2024031005003020,38,22,50.00,624.00,"31,200.00",2024-03-10
1485,HRL,2024031005003021,53,22,500.00,624.00,"312,000.00",2024-03-10
1486,HRL,2024031005003022,48,22,100.00,624.00,"62,400.00",2024-03-10
1487,HRL,2024031005003023,19,22,78.00,624.00,"48,672.00",2024-03-10
1488,HRL,2024031005003025,19,11,10.00,624.00,"6,240.00",2024-03-10
1489,HRL,2024031005003026,19,59,10.00,624.00,"6,240.00",2024-03-10
1490,HRL,2024031005003027,34,34,10.00,624.50,"6,245.00",2024-03-10
1491,HRL,2024031005003033,34,60,10.00,624.50,"6,245.00",2024-03-10
1492,HRL,2024031005003070,34,38,10.00,624.50,"6,245.00",2024-03-10
1493,HRL,2024031005003071,34,47,10.00,624.50,"6,245.00",2024-03-10
1494,HRL,2024031005003079,40,6,10.00,624.10,"6,241.00",2024-03-10
1495,HRL,2024031005003082,17,47,10.00,624.50,"6,245.00",2024-03-10
1496,HRL,2024031005003099,32,28,10.00,624.50,"6,245.00",2024-03-10
1497,HRL,2024031005003100,32,66,10.00,624.50,"6,245.00",2024-03-10
1498,HRL,2024031005003101,32,58,10.00,624.50,"6,245.00",2024-03-10
