SN,Symbol,Transaction No.,Buyer Broker,Seller Broker,Share Quantity,Rate(Rs),Amount(Rs),Traded Date
1,HRL,2024041005000002,49,42,10.00,623.00,"6,230.00",2024-04-10
2,HRL,2024041005000003,49,42,10.00,623.00,"6,230.00",2024-04-10
3,HRL,2024041005000004,49,42,10.00,623.00,"6,230.00",2024-04-10
4,HRL,2024041005000005,49,42,10.00,623.00,"6,230.00",2024-04-10
5,HRL,2024041005000006,49,71,20.00,623.00,"12,460.00",2024-04-10
6,HRL,2024041005000012,52,42,10.00,623.00,"6,230.00",2024-04-10
7,HRL,2024041005000013,52,42,10.00,623.00,"6,230.00",2024-04-10
8,HRL,2024041005000015,45,28,10.00,618.00,"6,180.00",2024-04-10
9,HRL,2024041005000018,16,37,10.00,620.00,"6,200.00",2024-04-10
10,HRL,2024041005000019,16,52,10.00,623.00,"6,230.00",2024-04-10
11,HRL,2024041005000020,16,45,20.00,623.00,"12,460.00",2024-04-10
12,HRL,2024041005000021,16,42,10.00,623.00,"6,230.00",2024-04-10
13,HRL,2024041005000022,16,35,10.00,623.00,"6,230.00",2024-04-10
14,HRL,2024041005000023,16,57,10.00,623.00,"6,230.00",2024-04-10
15,HRL,2024041005000024,16,58,10.00,623.00,"6,230.00",2024-04-10
16,HRL,2024041005000025,16,42,20.00,623.00,"12,460.00",2024-04-10
17,HRL,2024041005000026,49,38,10.00,625.00,"6,250.00",2024-04-10
18,HRL,2024041005000027,49,58,10.00,625.00,"6,250.00",2024-04-10
19,HRL,2024041005000028,49,34,10.00,625.00,"6,250.00",2024-04-10
20,HRL,2024041005000029,33,34,10.00,625.00,"6,250.00",2024-04-10
21,HRL,2024041005000031,33,43,10.00,625.00,"6,250.00",2024-04-10
22,HRL,2024041005000033,33,34,30.00,625.00,"18,750.00",2024-04-10
23,HRL,2024041005000034,33,42,10.00,625.00,"6,250.00",2024-04-10
24,HRL,2024041005000035,33,6,410.00,625.00,"256,250.00",2024-04-10
25,HRL,2024041005000036,16,6,10.00,623.00,"6,230.00",2024-04-10
26,HRL,2024041005000037,6,6,20.00,621.00,"12,420.00",2024-04-10
27,HRL,2024041005000038,17,6,159.00,620.00,"98,580.00",2024-04-10
28,HRL,2024041005000039,17,57,10.00,620.00,"6,200.00",2024-04-10
29,HRL,2024041005000041,52,58,30.00,620.10,"18,603.00",2024-04-10
30,HRL,2024041005000042,19,52,20.00,620.20,"12,404.00",2024-04-10
31,HRL,2024041005000043,14,47,10.00,621.00,"6,210.00",2024-04-10
32,HRL,2024041005000045,1,45,10.00,621.10,"6,211.00",2024-04-10
33,HRL,2024041005000048,59,47,10.00,622.00,"6,220.00",2024-04-10
34,HRL,2024041005000050,59,45,20.00,622.00,"12,440.00",2024-04-10
35,HRL,2024041005000051,42,47,10.00,622.00,"6,220.00",2024-04-10
36,HRL,2024041005000052,42,58,10.00,622.00,"6,220.00",2024-04-10
37,HRL,2024041005000055,1,34,10.00,622.10,"6,221.00",2024-04-10
38,HRL,2024041005000056,42,58,10.00,623.00,"6,230.00",2024-04-10
39,HRL,2024041005000057,42,35,10.00,623.00,"6,230.00",2024-04-10
40,HRL,2024041005000058,42,3,10.00,623.00,"6,230.00",2024-04-10
41,HRL,2024041005000060,14,10,20.00,623.10,"12,462.00",2024-04-10
42,HRL,2024041005000062,14,57,20.00,623.10,"12,462.00",2024-04-10
43,HRL,2024041005000063,22,42,30.00,625.00,"18,750.00",2024-04-10
44,HRL,2024041005000064,22,34,30.00,625.00,"18,750.00",2024-04-10
45,HRL,2024041005000065,22,34,10.00,625.00,"6,250.00",2024-04-10
46,HRL,2024041005000066,22,14,10.00,625.00,"6,250.00",2024-04-10
47,HRL,2024041005000067,22,42,10.00,625.00,"6,250.00",2024-04-10
48,HRL,2024041005000068,22,35,110.00,625.00,"68,750.00",2024-04-10
49,HRL,2024041005000071,22,19,10.00,625.00,"6,250.00",2024-04-10
50,HRL,2024041005000072,22,55,10.00,625.00,"6,250.00",2024-04-10
51,HRL,2024041005000081,35,19,10.00,627.00,"6,270.00",2024-04-10
52,HRL,2024041005000082,35,48,10.00,628.00,"6,280.00",2024-04-10
53,HRL,2024041005000087,35,72,10.00,628.00,"6,280.00",2024-04-10
54,HRL,2024041005000088,35,49,10.00,628.00,"6,280.00",2024-04-10
55,HRL,2024041005000089,35,14,30.00,628.00,"18,840.00",2024-04-10
56,HRL,2024041005000090,46,58,20.00,625.10,"12,502.00",2024-04-10
57,HRL,2024041005000093,46,59,10.00,625.10,"6,251.00",2024-04-10
58,HRL,2024041005000094,46,8,10.00,625.10,"6,251.00",2024-04-10
59,HRL,2024041005000096,14,58,10.00,625.20,"6,252.00",2024-04-10
60,HRL,2024041005000097,46,58,30.00,625.10,"18,753.00",2024-04-10
61,HRL,2024041005000098,46,38,10.00,625.10,"6,251.00",2024-04-10
62,HRL,2024041005000099,46,49,20.00,625.10,"12,502.00",2024-04-10
63,HRL,2024041005000101,35,45,20.00,627.00,"12,540.00",2024-04-10
64,HRL,2024041005000102,35,42,10.00,627.00,"6,270.00",2024-04-10
65,HRL,2024041005000103,19,87,30.00,625.20,"18,756.00",2024-04-10
66,HRL,2024041005000105,1,34,10.00,626.00,"6,260.00",2024-04-10
67,HRL,2024041005000109,43,58,30.00,625.30,"18,759.00",2024-04-10
68,HRL,2024041005000111,43,14,10.00,625.30,"6,253.00",2024-04-10
69,HRL,2024041005000112,26,4,10.00,626.00,"6,260.00",2024-04-10
70,HRL,2024041005000113,49,49,100.00,627.50,"62,750.00",2024-04-10
71,HRL,2024041005000114,49,25,100.00,627.80,"62,780.00",2024-04-10
72,HRL,2024041005000115,49,47,70.00,627.90,"43,953.00",2024-04-10
73,HRL,2024041005000116,49,22,100.00,627.90,"62,790.00",2024-04-10
74,HRL,2024041005000117,49,55,130.00,628.00,"81,640.00",2024-04-10
75,HRL,2024041005000118,25,57,10.00,626.00,"6,260.00",2024-04-10
76,HRL,2024041005000119,25,34,30.00,626.00,"18,780.00",2024-04-10
77,HRL,2024041005000122,25,26,10.00,627.50,"6,275.00",2024-04-10
78,HRL,2024041005000130,66,45,10.00,626.00,"6,260.00",2024-04-10
79,HRL,2024041005000132,43,38,10.00,626.10,"6,261.00",2024-04-10
80,HRL,2024041005000133,43,42,10.00,626.10,"6,261.00",2024-04-10
81,HRL,2024041005000134,25,45,10.00,627.50,"6,275.00",2024-04-10
82,HRL,2024041005000135,25,55,100.00,627.50,"62,750.00",2024-04-10
83,HRL,2024041005000136,25,48,90.00,627.90,"56,511.00",2024-04-10
84,HRL,2024041005000137,25,55,870.00,628.00,"546,360.00",2024-04-10
85,HRL,2024041005000138,25,58,10.00,628.00,"6,280.00",2024-04-10
86,HRL,2024041005000139,25,45,10.00,628.00,"6,280.00",2024-04-10
87,HRL,2024041005000140,25,45,460.00,628.00,"288,880.00",2024-04-10
88,HRL,2024041005000141,19,14,10.00,626.20,"6,262.00",2024-04-10
89,HRL,2024041005000144,19,17,10.00,627.00,"6,270.00",2024-04-10
90,HRL,2024041005000147,66,45,210.00,628.00,"131,880.00",2024-04-10
91,HRL,2024041005000148,19,49,10.00,627.00,"6,270.00",2024-04-10
92,HRL,2024041005000149,19,45,140.00,628.00,"87,920.00",2024-04-10
93,HRL,2024041005000150,59,45,170.00,628.00,"106,760.00",2024-04-10
94,HRL,2024041005000151,66,45,20.00,628.00,"12,560.00",2024-04-10
95,HRL,2024041005000152,66,16,10.00,628.00,"6,280.00",2024-04-10
96,HRL,2024041005000153,34,49,10.00,627.50,"6,275.00",2024-04-10
97,HRL,2024041005000161,43,49,20.00,627.10,"12,542.00",2024-04-10
98,HRL,2024041005000163,43,45,10.00,627.10,"6,271.00",2024-04-10
99,HRL,2024041005000164,43,49,30.00,627.10,"18,813.00",2024-04-10
100,HRL,2024041005000165,39,42,10.00,628.00,"6,280.00",2024-04-10
101,HRL,2024041005000166,39,49,10.00,628.00,"6,280.00",2024-04-10
102,HRL,2024041005000167,39,44,10.00,628.00,"6,280.00",2024-04-10
103,HRL,2024041005000168,43,52,10.00,627.10,"6,271.00",2024-04-10
104,HRL,2024041005000169,43,42,170.00,627.10,"106,607.00",2024-04-10
105,HRL,2024041005000170,34,42,30.00,627.10,"18,813.00",2024-04-10
106,HRL,2024041005000171,34,35,10.00,627.50,"6,275.00",2024-04-10
107,HRL,2024041005000172,49,55,100.00,628.00,"62,800.00",2024-04-10
108,HRL,2024041005000174,49,37,50.00,627.90,"31,395.00",2024-04-10
109,HRL,2024041005000175,49,55,100.00,628.00,"62,800.00",2024-04-10
110,HRL,2024041005000176,49,58,10.00,628.00,"6,280.00",2024-04-10
111,HRL,2024041005000177,49,55,10.00,628.00,"6,280.00",2024-04-10
112,HRL,2024041005000178,49,7,10.00,628.00,"6,280.00",2024-04-10
113,HRL,2024041005000179,49,45,20.00,628.00,"12,560.00",2024-04-10
114,HRL,2024041005000180,39,45,10.00,628.00,"6,280.00",2024-04-10
115,HRL,2024041005000181,39,58,15.00,628.50,"9,427.50",2024-04-10
116,HRL,2024041005000182,19,58,20.00,627.90,"12,558.00",2024-04-10
117,HRL,2024041005000186,19,29,30.00,627.90,"18,837.00",2024-04-10
118,HRL,2024041005000187,34,29,10.00,627.50,"6,275.00",2024-04-10
119,HRL,2024041005000189,39,41,20.00,628.00,"12,560.00",2024-04-10
120,HRL,2024041005000190,39,48,10.00,628.00,"6,280.00",2024-04-10
121,HRL,2024041005000191,34,41,20.00,627.50,"12,550.00",2024-04-10
122,HRL,2024041005000192,42,45,20.00,628.00,"12,560.00",2024-04-10
123,HRL,2024041005000193,42,58,65.00,628.50,"40,852.50",2024-04-10
124,HRL,2024041005000194,42,22,100.00,628.90,"62,890.00",2024-04-10
125,HRL,2024041005000195,42,25,10.00,629.00,"6,290.00",2024-04-10
126,HRL,2024041005000196,42,57,55.00,629.00,"34,595.00",2024-04-10
127,HRL,2024041005000201,34,43,10.00,627.50,"6,275.00",2024-04-10
128,HRL,2024041005000204,39,19,10.00,628.00,"6,280.00",2024-04-10
129,HRL,2024041005000205,39,57,45.00,629.00,"28,305.00",2024-04-10
130,HRL,2024041005000206,39,35,20.00,629.00,"12,580.00",2024-04-10
131,HRL,2024041005000209,19,55,380.00,629.00,"239,020.00",2024-04-10
132,HRL,2024041005000211,39,19,10.00,628.00,"6,280.00",2024-04-10
133,HRL,2024041005000213,17,1,100.00,628.90,"62,890.00",2024-04-10
134,HRL,2024041005000214,17,55,120.00,629.00,"75,480.00",2024-04-10
135,HRL,2024041005000215,17,14,10.00,629.00,"6,290.00",2024-04-10
136,HRL,2024041005000216,17,19,50.00,629.00,"31,450.00",2024-04-10
137,HRL,2024041005000217,17,22,20.00,629.00,"12,580.00",2024-04-10
138,HRL,2024041005000218,17,28,200.00,629.00,"125,800.00",2024-04-10
139,HRL,2024041005000219,14,28,251.00,629.00,"157,879.00",2024-04-10
140,HRL,2024041005000220,39,69,10.00,628.00,"6,280.00",2024-04-10
141,HRL,2024041005000221,39,64,10.00,628.00,"6,280.00",2024-04-10
142,HRL,2024041005000222,39,1,50.00,628.00,"31,400.00",2024-04-10
143,HRL,2024041005000223,37,1,50.00,628.00,"31,400.00",2024-04-10
144,HRL,2024041005000224,25,28,49.00,629.00,"30,821.00",2024-04-10
145,HRL,2024041005000225,25,38,10.00,629.00,"6,290.00",2024-04-10
146,HRL,2024041005000226,25,57,10.00,629.00,"6,290.00",2024-04-10
147,HRL,2024041005000227,25,22,10.00,629.00,"6,290.00",2024-04-10
148,HRL,2024041005000228,25,58,10.00,629.00,"6,290.00",2024-04-10
149,HRL,2024041005000229,25,49,10.00,629.00,"6,290.00",2024-04-10
150,HRL,2024041005000230,37,41,10.00,628.00,"6,280.00",2024-04-10
151,HRL,2024041005000231,37,39,10.00,628.00,"6,280.00",2024-04-10
152,HRL,2024041005000235,37,49,10.00,628.00,"6,280.00",2024-04-10
153,HRL,2024041005000236,38,77,10.00,628.90,"6,289.00",2024-04-10
154,HRL,2024041005000237,38,35,10.00,628.90,"6,289.00",2024-04-10
155,HRL,2024041005000241,39,6,15.00,629.00,"9,435.00",2024-04-10
156,HRL,2024041005000245,39,56,40.00,628.10,"25,124.00",2024-04-10
157,HRL,2024041005000246,37,56,20.00,628.00,"12,560.00",2024-04-10
158,HRL,2024041005000247,17,67,500.00,628.00,"314,000.00",2024-04-10
159,HRL,2024041005000248,38,67,100.00,628.00,"62,800.00",2024-04-10
160,HRL,2024041005000249,34,67,100.00,628.00,"62,800.00",2024-04-10
161,HRL,2024041005000250,57,67,300.00,628.00,"188,400.00",2024-04-10
162,HRL,2024041005000252,57,69,10.00,628.00,"6,280.00",2024-04-10
163,HRL,2024041005000257,57,11,10.00,628.00,"6,280.00",2024-04-10
164,HRL,2024041005000266,48,6,15.00,629.00,"9,435.00",2024-04-10
165,HRL,2024041005000267,48,38,10.00,629.00,"6,290.00",2024-04-10
166,HRL,2024041005000268,48,34,10.00,629.00,"6,290.00",2024-04-10
167,HRL,2024041005000269,48,58,40.00,629.30,"25,172.00",2024-04-10
168,HRL,2024041005000270,48,34,10.00,629.30,"6,293.00",2024-04-10
169,HRL,2024041005000271,48,22,10.00,629.30,"6,293.00",2024-04-10
170,HRL,2024041005000272,48,36,100.00,629.80,"62,980.00",2024-04-10
171,HRL,2024041005000273,48,1,60.00,629.80,"37,788.00",2024-04-10
172,HRL,2024041005000274,48,38,150.00,629.80,"94,470.00",2024-04-10
173,HRL,2024041005000275,48,42,50.00,629.90,"31,495.00",2024-04-10
174,HRL,2024041005000276,48,18,108.00,629.90,"68,029.20",2024-04-10
175,HRL,2024041005000277,48,22,37.00,629.90,"23,306.30",2024-04-10
176,HRL,2024041005000279,57,58,10.00,628.00,"6,280.00",2024-04-10
177,HRL,2024041005000283,66,29,65.00,628.90,"40,878.50",2024-04-10
178,HRL,2024041005000289,17,34,10.00,628.10,"6,281.00",2024-04-10
179,HRL,2024041005000292,17,42,10.00,628.10,"6,281.00",2024-04-10
180,HRL,2024041005000295,17,38,10.00,628.10,"6,281.00",2024-04-10
181,HRL,2024041005000298,17,58,10.00,628.10,"6,281.00",2024-04-10
182,HRL,2024041005000299,17,7,10.00,628.10,"6,281.00",2024-04-10
183,HRL,2024041005000301,17,1,10.00,628.10,"6,281.00",2024-04-10
184,HRL,2024041005000302,17,34,100.00,628.10,"62,810.00",2024-04-10
185,HRL,2024041005000303,66,29,35.00,628.90,"22,011.50",2024-04-10
186,HRL,2024041005000304,66,58,105.00,629.00,"66,045.00",2024-04-10
187,HRL,2024041005000305,17,52,10.00,628.10,"6,281.00",2024-04-10
188,HRL,2024041005000306,17,52,100.00,628.10,"62,810.00",2024-04-10
189,HRL,2024041005000307,17,22,230.00,628.10,"144,463.00",2024-04-10
190,HRL,2024041005000308,57,22,120.00,628.00,"75,360.00",2024-04-10
191,HRL,2024041005000309,57,36,40.00,628.00,"25,120.00",2024-04-10
192,HRL,2024041005000312,49,42,10.00,628.10,"6,281.00",2024-04-10
193,HRL,2024041005000317,66,26,10.00,628.20,"6,282.00",2024-04-10
194,HRL,2024041005000319,66,39,10.00,628.20,"6,282.00",2024-04-10
195,HRL,2024041005000321,66,52,55.00,628.20,"34,551.00",2024-04-10
196,HRL,2024041005000322,49,52,20.00,628.10,"12,562.00",2024-04-10
197,HRL,2024041005000323,57,52,10.00,628.00,"6,280.00",2024-04-10
198,HRL,2024041005000324,48,52,15.00,628.00,"9,420.00",2024-04-10
199,HRL,2024041005000325,38,65,20.00,628.00,"12,560.00",2024-04-10
200,HRL,2024041005000328,76,65,480.00,628.00,"301,440.00",2024-04-10
201,HRL,2024041005000329,76,7,10.00,628.00,"6,280.00",2024-04-10
202,HRL,2024041005000330,76,58,30.00,628.00,"18,840.00",2024-04-10
203,HRL,2024041005000333,76,49,10.00,628.00,"6,280.00",2024-04-10
204,HRL,2024041005000335,76,58,10.00,628.00,"6,280.00",2024-04-10
205,HRL,2024041005000337,56,47,20.00,628.60,"12,572.00",2024-04-10
206,HRL,2024041005000338,56,29,50.00,628.70,"31,435.00",2024-04-10
207,HRL,2024041005000339,56,1,200.00,628.80,"125,760.00",2024-04-10
208,HRL,2024041005000340,56,25,70.00,629.00,"44,030.00",2024-04-10
209,HRL,2024041005000341,56,28,500.00,629.00,"314,500.00",2024-04-10
210,HRL,2024041005000342,56,10,10.00,629.00,"6,290.00",2024-04-10
211,HRL,2024041005000343,56,22,10.00,629.00,"6,290.00",2024-04-10
212,HRL,2024041005000344,56,58,30.00,629.00,"18,870.00",2024-04-10
213,HRL,2024041005000345,56,38,10.00,629.00,"6,290.00",2024-04-10
214,HRL,2024041005000346,56,19,20.00,629.00,"12,580.00",2024-04-10
215,HRL,2024041005000347,66,28,245.00,629.50,"154,227.50",2024-04-10
216,HRL,2024041005000348,56,61,80.00,629.00,"50,320.00",2024-04-10
217,HRL,2024041005000349,17,61,420.00,628.10,"263,802.00",2024-04-10
218,HRL,2024041005000350,76,28,255.00,629.50,"160,522.50",2024-04-10
219,HRL,2024041005000351,76,7,10.00,629.50,"6,295.00",2024-04-10
220,HRL,2024041005000352,76,19,10.00,629.50,"6,295.00",2024-04-10
221,HRL,2024041005000353,76,42,200.00,629.90,"125,980.00",2024-04-10
222,HRL,2024041005000354,76,45,500.00,629.90,"314,950.00",2024-04-10
223,HRL,2024041005000355,76,22,101.00,629.90,"63,619.90",2024-04-10
224,HRL,2024041005000356,76,32,10.00,630.00,"6,300.00",2024-04-10
225,HRL,2024041005000357,76,55,20.00,630.00,"12,600.00",2024-04-10
226,HRL,2024041005000358,76,48,10.00,630.00,"6,300.00",2024-04-10
227,HRL,2024041005000359,76,58,10.00,630.00,"6,300.00",2024-04-10
228,HRL,2024041005000360,76,35,10.00,630.00,"6,300.00",2024-04-10
229,HRL,2024041005000361,76,49,10.00,630.00,"6,300.00",2024-04-10
230,HRL,2024041005000362,76,49,10.00,630.00,"6,300.00",2024-04-10
231,HRL,2024041005000363,76,35,10.00,630.00,"6,300.00",2024-04-10
232,HRL,2024041005000364,76,34,10.00,630.00,"6,300.00",2024-04-10
233,HRL,2024041005000365,76,58,10.00,630.00,"6,300.00",2024-04-10
234,HRL,2024041005000366,76,38,10.00,630.00,"6,300.00",2024-04-10
235,HRL,2024041005000367,76,58,10.00,630.00,"6,300.00",2024-04-10
236,HRL,2024041005000368,76,6,30.00,630.00,"18,900.00",2024-04-10
237,HRL,2024041005000369,76,47,10.00,630.00,"6,300.00",2024-04-10
238,HRL,2024041005000370,76,4,10.00,630.00,"6,300.00",2024-04-10
239,HRL,2024041005000371,76,45,10.00,630.00,"6,300.00",2024-04-10
240,HRL,2024041005000372,76,38,400.00,630.00,"252,000.00",2024-04-10
241,HRL,2024041005000373,76,54,20.00,630.00,"12,600.00",2024-04-10
242,HRL,2024041005000374,76,50,10.00,630.00,"6,300.00",2024-04-10
243,HRL,2024041005000375,76,50,10.00,630.00,"6,300.00",2024-04-10
244,HRL,2024041005000376,76,59,100.00,630.00,"63,000.00",2024-04-10
245,HRL,2024041005000377,76,19,80.00,630.00,"50,400.00",2024-04-10
246,HRL,2024041005000378,76,68,10.00,630.00,"6,300.00",2024-04-10
247,HRL,2024041005000379,76,57,20.00,630.00,"12,600.00",2024-04-10
248,HRL,2024041005000380,76,58,30.00,630.00,"18,900.00",2024-04-10
249,HRL,2024041005000381,76,55,500.00,630.00,"315,000.00",2024-04-10
250,HRL,2024041005000382,76,28,500.00,630.00,"315,000.00",2024-04-10
251,HRL,2024041005000383,76,55,500.00,630.00,"315,000.00",2024-04-10
252,HRL,2024041005000384,76,38,10.00,630.00,"6,300.00",2024-04-10
253,HRL,2024041005000385,76,52,20.00,630.00,"12,600.00",2024-04-10
254,HRL,2024041005000386,76,16,10.00,630.00,"6,300.00",2024-04-10
255,HRL,2024041005000387,76,8,20.00,630.00,"12,600.00",2024-04-10
256,HRL,2024041005000388,76,42,10.00,630.00,"6,300.00",2024-04-10
257,HRL,2024041005000389,76,45,10.00,630.00,"6,300.00",2024-04-10
258,HRL,2024041005000390,76,19,30.00,630.00,"18,900.00",2024-04-10
259,HRL,2024041005000391,76,42,10.00,630.00,"6,300.00",2024-04-10
260,HRL,2024041005000392,76,44,260.00,630.00,"163,800.00",2024-04-10
261,HRL,2024041005000393,76,34,10.00,630.00,"6,300.00",2024-04-10
262,HRL,2024041005000394,76,58,10.00,630.00,"6,300.00",2024-04-10
263,HRL,2024041005000395,76,48,10.00,630.00,"6,300.00",2024-04-10
264,HRL,2024041005000396,76,25,20.00,630.00,"12,600.00",2024-04-10
265,HRL,2024041005000397,76,58,10.00,630.00,"6,300.00",2024-04-10
266,HRL,2024041005000398,76,58,10.00,630.00,"6,300.00",2024-04-10
267,HRL,2024041005000399,76,28,"1,104.00",630.00,"695,520.00",2024-04-10
268,HRL,2024041005000402,17,39,10.00,628.10,"6,281.00",2024-04-10
269,HRL,2024041005000403,17,58,62.00,628.10,"38,942.20",2024-04-10
270,HRL,2024041005000404,76,28,896.00,630.00,"564,480.00",2024-04-10
271,HRL,2024041005000406,76,42,100.00,628.00,"62,800.00",2024-04-10
272,HRL,2024041005000413,34,34,10.00,628.50,"6,285.00",2024-04-10
273,HRL,2024041005000414,13,49,10.00,628.00,"6,280.00",2024-04-10
274,HRL,2024041005000416,1,38,10.00,629.00,"6,290.00",2024-04-10
275,HRL,2024041005000417,13,49,10.00,628.00,"6,280.00",2024-04-10
276,HRL,2024041005000418,76,49,10.00,628.00,"6,280.00",2024-04-10
277,HRL,2024041005000420,76,34,150.00,628.00,"94,200.00",2024-04-10
278,HRL,2024041005000421,76,38,10.00,628.00,"6,280.00",2024-04-10
279,HRL,2024041005000422,52,42,10.00,628.10,"6,281.00",2024-04-10
280,HRL,2024041005000423,52,45,20.00,628.10,"12,562.00",2024-04-10
281,HRL,2024041005000424,52,41,10.00,628.10,"6,281.00",2024-04-10
282,HRL,2024041005000426,52,42,20.00,628.10,"12,562.00",2024-04-10
283,HRL,2024041005000428,1,38,10.00,629.00,"6,290.00",2024-04-10
284,HRL,2024041005000429,34,49,10.00,629.00,"6,290.00",2024-04-10
285,HRL,2024041005000430,52,26,100.00,628.10,"62,810.00",2024-04-10
286,HRL,2024041005000432,76,62,100.00,629.80,"62,980.00",2024-04-10
287,HRL,2024041005000433,76,1,100.00,629.90,"62,990.00",2024-04-10
288,HRL,2024041005000434,76,1,100.00,629.90,"62,990.00",2024-04-10
289,HRL,2024041005000435,76,35,20.00,630.00,"12,600.00",2024-04-10
290,HRL,2024041005000436,76,34,10.00,630.00,"6,300.00",2024-04-10
291,HRL,2024041005000437,76,4,10.00,630.00,"6,300.00",2024-04-10
292,HRL,2024041005000438,76,55,500.00,630.00,"315,000.00",2024-04-10
293,HRL,2024041005000439,76,42,10.00,630.00,"6,300.00",2024-04-10
294,HRL,2024041005000440,76,42,30.00,630.00,"18,900.00",2024-04-10
295,HRL,2024041005000441,76,55,120.00,630.00,"75,600.00",2024-04-10
296,HRL,2024041005000443,28,33,10.00,628.20,"6,282.00",2024-04-10
297,HRL,2024041005000447,69,49,10.00,629.00,"6,290.00",2024-04-10
298,HRL,2024041005000448,69,51,10.00,629.00,"6,290.00",2024-04-10
299,HRL,2024041005000449,69,28,548.00,629.50,"344,966.00",2024-04-10
300,HRL,2024041005000450,69,68,100.00,629.90,"62,990.00",2024-04-10
301,HRL,2024041005000451,69,55,380.00,630.00,"239,400.00",2024-04-10
302,HRL,2024041005000452,69,42,10.00,630.00,"6,300.00",2024-04-10
303,HRL,2024041005000453,69,28,442.00,630.00,"278,460.00",2024-04-10
304,HRL,2024041005000454,17,28,58.00,630.00,"36,540.00",2024-04-10
305,HRL,2024041005000455,17,45,10.00,630.00,"6,300.00",2024-04-10
306,HRL,2024041005000456,17,49,10.00,630.00,"6,300.00",2024-04-10
307,HRL,2024041005000457,17,34,170.00,630.00,"107,100.00",2024-04-10
308,HRL,2024041005000458,17,22,10.00,630.00,"6,300.00",2024-04-10
309,HRL,2024041005000459,17,57,242.00,630.00,"152,460.00",2024-04-10
310,HRL,2024041005000464,69,35,10.00,629.00,"6,290.00",2024-04-10
311,HRL,2024041005000465,69,38,10.00,630.00,"6,300.00",2024-04-10
312,HRL,2024041005000466,69,49,10.00,630.00,"6,300.00",2024-04-10
313,HRL,2024041005000467,69,45,970.00,630.00,"611,100.00",2024-04-10
314,HRL,2024041005000468,57,48,10.00,628.30,"6,283.00",2024-04-10
315,HRL,2024041005000470,59,47,10.00,628.40,"6,284.00",2024-04-10
316,HRL,2024041005000473,59,40,10.00,628.40,"6,284.00",2024-04-10
317,HRL,2024041005000474,59,53,10.00,628.40,"6,284.00",2024-04-10
318,HRL,2024041005000475,57,53,10.00,628.30,"6,283.00",2024-04-10
319,HRL,2024041005000477,57,57,10.00,628.30,"6,283.00",2024-04-10
320,HRL,2024041005000478,57,58,30.00,628.30,"18,849.00",2024-04-10
321,HRL,2024041005000479,69,29,70.00,629.90,"44,093.00",2024-04-10
322,HRL,2024041005000480,69,45,30.00,630.00,"18,900.00",2024-04-10
323,HRL,2024041005000481,69,56,20.00,630.00,"12,600.00",2024-04-10
324,HRL,2024041005000482,69,18,20.00,630.00,"12,600.00",2024-04-10
325,HRL,2024041005000483,69,19,60.00,630.00,"37,800.00",2024-04-10
326,HRL,2024041005000484,57,53,20.00,628.30,"12,566.00",2024-04-10
327,HRL,2024041005000485,45,19,22.00,630.00,"13,860.00",2024-04-10
328,HRL,2024041005000486,58,19,118.00,630.00,"74,340.00",2024-04-10
329,HRL,2024041005000487,58,38,10.00,630.00,"6,300.00",2024-04-10
330,HRL,2024041005000488,58,42,10.00,630.00,"6,300.00",2024-04-10
331,HRL,2024041005000490,57,53,20.00,628.30,"12,566.00",2024-04-10
332,HRL,2024041005000491,57,49,10.00,628.30,"6,283.00",2024-04-10
333,HRL,2024041005000498,57,47,10.00,628.30,"6,283.00",2024-04-10
334,HRL,2024041005000500,57,32,10.00,628.30,"6,283.00",2024-04-10
335,HRL,2024041005000501,69,5,50.00,629.90,"31,495.00",2024-04-10
336,HRL,2024041005000502,69,42,10.00,630.00,"6,300.00",2024-04-10
337,HRL,2024041005000503,69,17,40.00,630.00,"25,200.00",2024-04-10
338,HRL,2024041005000504,69,38,300.00,630.00,"189,000.00",2024-04-10
339,HRL,2024041005000505,69,49,10.00,630.00,"6,300.00",2024-04-10
340,HRL,2024041005000506,69,42,10.00,630.00,"6,300.00",2024-04-10
341,HRL,2024041005000507,69,42,10.00,630.00,"6,300.00",2024-04-10
342,HRL,2024041005000508,69,58,10.00,630.00,"6,300.00",2024-04-10
343,HRL,2024041005000509,69,51,500.00,630.00,"315,000.00",2024-04-10
344,HRL,2024041005000510,69,46,20.00,630.00,"12,600.00",2024-04-10
345,HRL,2024041005000511,69,19,10.00,630.00,"6,300.00",2024-04-10
346,HRL,2024041005000512,69,57,30.00,630.00,"18,900.00",2024-04-10
347,HRL,2024041005000513,57,39,20.00,628.30,"12,566.00",2024-04-10
348,HRL,2024041005000517,47,45,60.00,628.40,"37,704.00",2024-04-10
349,HRL,2024041005000518,57,45,50.00,628.30,"31,415.00",2024-04-10
350,HRL,2024041005000519,17,45,331.00,628.30,"207,967.30",2024-04-10
351,HRL,2024041005000520,21,45,59.00,628.30,"37,069.70",2024-04-10
352,HRL,2024041005000521,21,45,10.00,628.30,"6,283.00",2024-04-10
353,HRL,2024041005000522,21,58,78.00,628.30,"49,007.40",2024-04-10
354,HRL,2024041005000531,28,55,15.00,628.20,"9,423.00",2024-04-10
355,HRL,2024041005000534,49,34,10.00,628.20,"6,282.00",2024-04-10
356,HRL,2024041005000537,49,41,10.00,628.20,"6,282.00",2024-04-10
357,HRL,2024041005000539,49,42,10.00,628.20,"6,282.00",2024-04-10
358,HRL,2024041005000540,49,26,470.00,628.20,"295,254.00",2024-04-10
359,HRL,2024041005000541,52,26,310.00,628.10,"194,711.00",2024-04-10
360,HRL,2024041005000542,26,26,10.00,628.10,"6,281.00",2024-04-10
361,HRL,2024041005000543,76,26,210.00,628.00,"131,880.00",2024-04-10
362,HRL,2024041005000547,76,35,10.00,628.00,"6,280.00",2024-04-10
363,HRL,2024041005000548,17,37,100.00,628.10,"62,810.00",2024-04-10
364,HRL,2024041005000549,17,36,200.00,628.10,"125,620.00",2024-04-10
365,HRL,2024041005000550,17,55,30.00,628.10,"18,843.00",2024-04-10
366,HRL,2024041005000551,11,57,10.00,628.20,"6,282.00",2024-04-10
367,HRL,2024041005000552,69,57,10.00,628.20,"6,282.00",2024-04-10
368,HRL,2024041005000553,69,40,10.00,628.30,"6,283.00",2024-04-10
369,HRL,2024041005000554,69,47,40.00,628.30,"25,132.00",2024-04-10
370,HRL,2024041005000555,69,45,20.00,628.30,"12,566.00",2024-04-10
371,HRL,2024041005000556,69,7,20.00,629.00,"12,580.00",2024-04-10
372,HRL,2024041005000557,69,28,500.00,629.00,"314,500.00",2024-04-10
373,HRL,2024041005000558,69,47,110.00,629.90,"69,289.00",2024-04-10
374,HRL,2024041005000559,69,44,30.00,629.90,"18,897.00",2024-04-10
375,HRL,2024041005000560,69,57,28.00,630.00,"17,640.00",2024-04-10
376,HRL,2024041005000561,69,28,"1,000.00",630.00,"630,000.00",2024-04-10
377,HRL,2024041005000562,69,38,10.00,630.00,"6,300.00",2024-04-10
378,HRL,2024041005000563,69,36,"1,700.00",630.00,"1,071,000.00",2024-04-10
379,HRL,2024041005000564,69,38,100.00,630.00,"63,000.00",2024-04-10
380,HRL,2024041005000565,69,19,10.00,630.00,"6,300.00",2024-04-10
381,HRL,2024041005000566,69,6,30.00,630.00,"18,900.00",2024-04-10
382,HRL,2024041005000567,69,52,10.00,630.00,"6,300.00",2024-04-10
383,HRL,2024041005000568,69,42,10.00,630.00,"6,300.00",2024-04-10
384,HRL,2024041005000569,69,42,10.00,630.00,"6,300.00",2024-04-10
385,HRL,2024041005000570,69,57,195.00,630.00,"122,850.00",2024-04-10
386,HRL,2024041005000571,69,34,20.00,630.00,"12,600.00",2024-04-10
387,HRL,2024041005000573,69,26,20.00,630.00,"12,600.00",2024-04-10
388,HRL,2024041005000574,34,25,10.00,630.30,"6,303.00",2024-04-10
389,HRL,2024041005000575,34,43,40.00,630.30,"25,212.00",2024-04-10
390,HRL,2024041005000576,34,65,10.00,630.30,"6,303.00",2024-04-10
391,HRL,2024041005000577,34,42,10.00,630.50,"6,305.00",2024-04-10
392,HRL,2024041005000578,34,38,20.00,631.00,"12,620.00",2024-04-10
393,HRL,2024041005000579,34,34,10.00,631.00,"6,310.00",2024-04-10
394,HRL,2024041005000580,69,42,20.00,630.00,"12,600.00",2024-04-10
395,HRL,2024041005000581,69,58,20.00,630.00,"12,600.00",2024-04-10
396,HRL,2024041005000585,69,58,10.00,630.00,"6,300.00",2024-04-10
397,HRL,2024041005000587,69,48,10.00,630.00,"6,300.00",2024-04-10
398,HRL,2024041005000588,69,55,10.00,630.00,"6,300.00",2024-04-10
399,HRL,2024041005000589,69,29,20.00,630.00,"12,600.00",2024-04-10
400,HRL,2024041005000591,69,35,10.00,630.00,"6,300.00",2024-04-10
401,HRL,2024041005000593,28,57,10.00,630.00,"6,300.00",2024-04-10
402,HRL,2024041005000594,28,14,10.00,630.00,"6,300.00",2024-04-10
403,HRL,2024041005000595,28,33,30.00,630.00,"18,900.00",2024-04-10
404,HRL,2024041005000597,6,33,70.00,630.00,"44,100.00",2024-04-10
405,HRL,2024041005000598,6,21,50.00,630.00,"31,500.00",2024-04-10
406,HRL,2024041005000599,6,90,380.00,630.00,"239,400.00",2024-04-10
407,HRL,2024041005000602,38,48,10.00,628.30,"6,283.00",2024-04-10
408,HRL,2024041005000607,17,45,10.00,628.60,"6,286.00",2024-04-10
409,HRL,2024041005000608,17,58,10.00,628.60,"6,286.00",2024-04-10
410,HRL,2024041005000609,38,90,50.00,629.00,"31,450.00",2024-04-10
411,HRL,2024041005000610,38,46,15.00,629.00,"9,435.00",2024-04-10
412,HRL,2024041005000611,17,46,47.00,628.60,"29,544.20",2024-04-10
413,HRL,2024041005000615,17,43,30.00,628.60,"18,858.00",2024-04-10
414,HRL,2024041005000620,17,79,10.00,628.60,"6,286.00",2024-04-10
415,HRL,2024041005000621,17,45,30.00,628.60,"18,858.00",2024-04-10
416,HRL,2024041005000623,21,51,10.00,629.00,"6,290.00",2024-04-10
417,HRL,2024041005000624,21,8,20.00,629.00,"12,580.00",2024-04-10
418,HRL,2024041005000625,21,58,10.00,629.00,"6,290.00",2024-04-10
419,HRL,2024041005000626,21,45,10.00,629.00,"6,290.00",2024-04-10
420,HRL,2024041005000627,58,42,20.00,629.00,"12,580.00",2024-04-10
421,HRL,2024041005000628,39,34,90.00,629.90,"56,691.00",2024-04-10
422,HRL,2024041005000629,17,4,10.00,629.00,"6,290.00",2024-04-10
423,HRL,2024041005000630,17,43,10.00,629.00,"6,290.00",2024-04-10
424,HRL,2024041005000631,17,58,10.00,629.00,"6,290.00",2024-04-10
425,HRL,2024041005000632,57,34,110.00,629.90,"69,289.00",2024-04-10
426,HRL,2024041005000633,57,22,20.00,630.00,"12,600.00",2024-04-10
427,HRL,2024041005000634,57,38,10.00,630.00,"6,300.00",2024-04-10
428,HRL,2024041005000635,57,48,10.00,630.00,"6,300.00",2024-04-10
429,HRL,2024041005000636,57,44,50.00,630.00,"31,500.00",2024-04-10
430,HRL,2024041005000637,57,45,10.00,630.00,"6,300.00",2024-04-10
431,HRL,2024041005000638,57,52,10.00,630.00,"6,300.00",2024-04-10
432,HRL,2024041005000639,57,26,40.00,630.00,"25,200.00",2024-04-10
433,HRL,2024041005000640,57,25,100.00,630.00,"63,000.00",2024-04-10
434,HRL,2024041005000641,57,58,10.00,630.00,"6,300.00",2024-04-10
435,HRL,2024041005000642,57,38,200.00,630.00,"126,000.00",2024-04-10
436,HRL,2024041005000643,57,49,100.00,630.00,"63,000.00",2024-04-10
437,HRL,2024041005000644,57,52,20.00,630.00,"12,600.00",2024-04-10
438,HRL,2024041005000645,57,58,10.00,630.00,"6,300.00",2024-04-10
439,HRL,2024041005000646,57,52,50.00,630.00,"31,500.00",2024-04-10
440,HRL,2024041005000647,57,48,10.00,630.00,"6,300.00",2024-04-10
441,HRL,2024041005000648,57,13,25.00,630.00,"15,750.00",2024-04-10
442,HRL,2024041005000649,57,55,215.00,630.00,"135,450.00",2024-04-10
443,HRL,2024041005000651,17,18,20.00,629.00,"12,580.00",2024-04-10
444,HRL,2024041005000652,17,55,363.00,630.00,"228,690.00",2024-04-10
445,HRL,2024041005000653,17,58,10.00,629.00,"6,290.00",2024-04-10
446,HRL,2024041005000654,17,90,440.00,629.00,"276,760.00",2024-04-10
447,HRL,2024041005000655,1,90,30.00,628.70,"18,861.00",2024-04-10
448,HRL,2024041005000656,42,90,30.00,628.70,"18,861.00",2024-04-10
449,HRL,2024041005000661,49,54,20.00,629.00,"12,580.00",2024-04-10
450,HRL,2024041005000662,49,46,20.00,629.00,"12,580.00",2024-04-10
451,HRL,2024041005000663,49,54,46.00,629.00,"28,934.00",2024-04-10
452,HRL,2024041005000665,69,55,10.00,630.00,"6,300.00",2024-04-10
453,HRL,2024041005000670,49,45,10.00,629.00,"6,290.00",2024-04-10
454,HRL,2024041005000674,47,8,20.00,629.00,"12,580.00",2024-04-10
455,HRL,2024041005000675,17,55,10.00,628.80,"6,288.00",2024-04-10
456,HRL,2024041005000679,69,42,10.00,629.00,"6,290.00",2024-04-10
457,HRL,2024041005000680,69,38,90.00,629.90,"56,691.00",2024-04-10
458,HRL,2024041005000682,49,58,10.00,629.00,"6,290.00",2024-04-10
459,HRL,2024041005000683,32,38,10.00,629.90,"6,299.00",2024-04-10
460,HRL,2024041005000684,32,40,200.00,629.90,"125,980.00",2024-04-10
461,HRL,2024041005000685,32,72,250.00,629.90,"157,475.00",2024-04-10
462,HRL,2024041005000686,32,55,412.00,630.00,"259,560.00",2024-04-10
463,HRL,2024041005000687,32,57,10.00,630.00,"6,300.00",2024-04-10
464,HRL,2024041005000688,32,49,500.00,630.00,"315,000.00",2024-04-10
465,HRL,2024041005000689,32,49,10.00,630.00,"6,300.00",2024-04-10
466,HRL,2024041005000690,32,19,20.00,630.00,"12,600.00",2024-04-10
467,HRL,2024041005000691,32,22,10.00,630.00,"6,300.00",2024-04-10
468,HRL,2024041005000692,32,77,10.00,630.00,"6,300.00",2024-04-10
469,HRL,2024041005000693,32,21,30.00,630.00,"18,900.00",2024-04-10
470,HRL,2024041005000694,32,28,538.00,630.00,"338,940.00",2024-04-10
471,HRL,2024041005000698,49,45,10.00,629.00,"6,290.00",2024-04-10
472,HRL,2024041005000701,34,14,10.00,629.00,"6,290.00",2024-04-10
473,HRL,2024041005000704,69,32,50.00,629.80,"31,490.00",2024-04-10
474,HRL,2024041005000705,69,49,20.00,629.90,"12,598.00",2024-04-10
475,HRL,2024041005000706,69,28,30.00,630.00,"18,900.00",2024-04-10
476,HRL,2024041005000707,22,28,10.00,630.00,"6,300.00",2024-04-10
477,HRL,2024041005000718,17,14,130.00,628.80,"81,744.00",2024-04-10
478,HRL,2024041005000719,17,42,30.00,628.80,"18,864.00",2024-04-10
479,HRL,2024041005000720,42,42,470.00,628.70,"295,489.00",2024-04-10
480,HRL,2024041005000721,6,42,970.00,628.60,"609,742.00",2024-04-10
481,HRL,2024041005000722,57,29,30.00,629.90,"18,897.00",2024-04-10
482,HRL,2024041005000723,57,28,422.00,630.00,"265,860.00",2024-04-10
483,HRL,2024041005000724,57,35,10.00,630.00,"6,300.00",2024-04-10
484,HRL,2024041005000725,57,87,20.00,630.00,"12,600.00",2024-04-10
485,HRL,2024041005000726,57,41,10.00,630.00,"6,300.00",2024-04-10
486,HRL,2024041005000727,57,44,10.00,630.00,"6,300.00",2024-04-10
487,HRL,2024041005000728,57,42,100.00,630.00,"63,000.00",2024-04-10
488,HRL,2024041005000729,57,48,398.00,630.00,"250,740.00",2024-04-10
489,HRL,2024041005000731,6,10,30.00,628.60,"18,858.00",2024-04-10
490,HRL,2024041005000733,34,55,10.00,628.60,"6,286.00",2024-04-10
491,HRL,2024041005000735,34,26,20.00,628.60,"12,572.00",2024-04-10
492,HRL,2024041005000736,34,45,20.00,628.60,"12,572.00",2024-04-10
493,HRL,2024041005000738,34,42,10.00,628.60,"6,286.00",2024-04-10
494,HRL,2024041005000739,34,22,10.00,628.60,"6,286.00",2024-04-10
495,HRL,2024041005000741,34,10,30.00,628.60,"18,858.00",2024-04-10
496,HRL,2024041005000742,34,26,10.00,628.60,"6,286.00",2024-04-10
497,HRL,2024041005000745,34,8,10.00,628.60,"6,286.00",2024-04-10
498,HRL,2024041005000747,42,8,20.00,629.00,"12,580.00",2024-04-10
499,HRL,2024041005000748,34,10,30.00,628.60,"18,858.00",2024-04-10
500,HRL,2024041005000749,34,49,10.00,628.60,"6,286.00",2024-04-10
501,HRL,2024041005000750,34,14,20.00,629.00,"12,580.00",2024-04-10
502,HRL,2024041005000751,34,45,10.00,628.60,"6,286.00",2024-04-10
503,HRL,2024041005000752,57,14,480.00,629.00,"301,920.00",2024-04-10
504,HRL,2024041005000753,57,45,20.00,629.00,"12,580.00",2024-04-10
505,HRL,2024041005000754,34,45,20.00,628.60,"12,572.00",2024-04-10
506,HRL,2024041005000756,47,42,20.00,629.00,"12,580.00",2024-04-10
507,HRL,2024041005000757,34,41,10.00,628.60,"6,286.00",2024-04-10
508,HRL,2024041005000758,49,41,20.00,628.50,"12,570.00",2024-04-10
509,HRL,2024041005000759,28,46,80.00,629.90,"50,392.00",2024-04-10
510,HRL,2024041005000760,28,48,20.00,630.00,"12,600.00",2024-04-10
511,HRL,2024041005000764,17,42,10.00,628.50,"6,285.00",2024-04-10
512,HRL,2024041005000768,28,48,82.00,630.00,"51,660.00",2024-04-10
513,HRL,2024041005000769,28,41,10.00,630.00,"6,300.00",2024-04-10
514,HRL,2024041005000770,28,62,500.00,630.00,"315,000.00",2024-04-10
515,HRL,2024041005000771,28,42,20.00,630.00,"12,600.00",2024-04-10
516,HRL,2024041005000772,28,42,20.00,630.00,"12,600.00",2024-04-10
517,HRL,2024041005000773,28,52,20.00,630.00,"12,600.00",2024-04-10
518,HRL,2024041005000774,28,13,490.00,630.00,"308,700.00",2024-04-10
519,HRL,2024041005000775,28,49,20.00,630.00,"12,600.00",2024-04-10
520,HRL,2024041005000776,28,58,10.00,630.00,"6,300.00",2024-04-10
521,HRL,2024041005000777,28,55,10.00,630.00,"6,300.00",2024-04-10
522,HRL,2024041005000778,28,41,10.00,630.00,"6,300.00",2024-04-10
523,HRL,2024041005000779,28,35,10.00,630.00,"6,300.00",2024-04-10
524,HRL,2024041005000780,28,57,10.00,630.00,"6,300.00",2024-04-10
525,HRL,2024041005000781,28,58,20.00,630.00,"12,600.00",2024-04-10
526,HRL,2024041005000782,28,34,10.00,630.00,"6,300.00",2024-04-10
527,HRL,2024041005000783,28,19,10.00,630.00,"6,300.00",2024-04-10
528,HRL,2024041005000784,28,34,10.00,630.00,"6,300.00",2024-04-10
529,HRL,2024041005000785,28,52,10.00,630.00,"6,300.00",2024-04-10
530,HRL,2024041005000786,28,19,20.00,630.00,"12,600.00",2024-04-10
531,HRL,2024041005000787,28,28,"1,000.00",630.00,"630,000.00",2024-04-10
532,HRL,2024041005000788,28,49,20.00,630.00,"12,600.00",2024-04-10
533,HRL,2024041005000789,28,8,20.00,630.00,"12,600.00",2024-04-10
534,HRL,2024041005000790,28,58,10.00,630.10,"6,301.00",2024-04-10
535,HRL,2024041005000791,28,35,10.00,630.10,"6,301.00",2024-04-10
536,HRL,2024041005000792,28,10,10.00,630.30,"6,303.00",2024-04-10
537,HRL,2024041005000793,28,28,"2,000.00",630.40,"1,260,800.00",2024-04-10
538,HRL,2024041005000794,28,28,"1,000.00",630.50,"630,500.00",2024-04-10
539,HRL,2024041005000795,28,1,100.00,630.90,"63,090.00",2024-04-10
540,HRL,2024041005000796,28,45,10.00,631.00,"6,310.00",2024-04-10
541,HRL,2024041005000797,28,19,10.00,631.00,"6,310.00",2024-04-10
542,HRL,2024041005000798,28,58,10.00,631.00,"6,310.00",2024-04-10
543,HRL,2024041005000799,28,38,10.00,631.00,"6,310.00",2024-04-10
544,HRL,2024041005000800,28,58,10.00,631.00,"6,310.00",2024-04-10
545,HRL,2024041005000801,28,6,10.00,631.00,"6,310.00",2024-04-10
546,HRL,2024041005000802,28,38,10.00,631.00,"6,310.00",2024-04-10
547,HRL,2024041005000803,28,49,10.00,631.00,"6,310.00",2024-04-10
548,HRL,2024041005000804,28,38,10.00,631.00,"6,310.00",2024-04-10
549,HRL,2024041005000805,28,58,10.00,631.00,"6,310.00",2024-04-10
550,HRL,2024041005000806,28,42,100.00,631.00,"63,100.00",2024-04-10
551,HRL,2024041005000807,28,14,20.00,631.00,"12,620.00",2024-04-10
552,HRL,2024041005000808,28,35,10.00,631.00,"6,310.00",2024-04-10
553,HRL,2024041005000809,28,52,20.00,631.00,"12,620.00",2024-04-10
554,HRL,2024041005000810,28,35,40.00,631.00,"25,240.00",2024-04-10
555,HRL,2024041005000811,28,58,10.00,631.00,"6,310.00",2024-04-10
556,HRL,2024041005000812,28,58,10.00,631.00,"6,310.00",2024-04-10
557,HRL,2024041005000813,28,45,10.00,631.00,"6,310.00",2024-04-10
558,HRL,2024041005000814,28,26,200.00,631.00,"126,200.00",2024-04-10
559,HRL,2024041005000815,28,22,100.00,631.90,"63,190.00",2024-04-10
560,HRL,2024041005000816,28,57,10.00,631.90,"6,319.00",2024-04-10
561,HRL,2024041005000817,28,55,30.00,632.00,"18,960.00",2024-04-10
562,HRL,2024041005000818,28,45,10.00,632.00,"6,320.00",2024-04-10
563,HRL,2024041005000819,28,34,10.00,632.00,"6,320.00",2024-04-10
564,HRL,2024041005000820,28,16,10.00,632.00,"6,320.00",2024-04-10
565,HRL,2024041005000821,28,48,10.00,632.00,"6,320.00",2024-04-10
566,HRL,2024041005000822,28,6,20.00,632.00,"12,640.00",2024-04-10
567,HRL,2024041005000823,28,17,170.00,632.00,"107,440.00",2024-04-10
568,HRL,2024041005000824,28,22,10.00,632.00,"6,320.00",2024-04-10
569,HRL,2024041005000825,28,55,"1,000.00",632.00,"632,000.00",2024-04-10
570,HRL,2024041005000826,28,29,10.00,632.00,"6,320.00",2024-04-10
571,HRL,2024041005000827,28,49,10.00,632.00,"6,320.00",2024-04-10
572,HRL,2024041005000828,28,26,20.00,632.00,"12,640.00",2024-04-10
573,HRL,2024041005000829,28,36,20.00,632.00,"12,640.00",2024-04-10
574,HRL,2024041005000830,28,69,10.00,632.00,"6,320.00",2024-04-10
575,HRL,2024041005000831,28,6,30.00,632.00,"18,960.00",2024-04-10
576,HRL,2024041005000832,28,48,40.00,632.00,"25,280.00",2024-04-10
577,HRL,2024041005000833,28,69,10.00,632.00,"6,320.00",2024-04-10
578,HRL,2024041005000834,28,58,10.00,632.00,"6,320.00",2024-04-10
579,HRL,2024041005000835,28,35,30.00,632.40,"18,972.00",2024-04-10
580,HRL,2024041005000836,28,58,20.00,633.00,"12,660.00",2024-04-10
581,HRL,2024041005000837,28,58,10.00,633.00,"6,330.00",2024-04-10
582,HRL,2024041005000838,28,6,40.00,633.00,"25,320.00",2024-04-10
583,HRL,2024041005000839,28,65,500.00,633.00,"316,500.00",2024-04-10
584,HRL,2024041005000840,28,35,10.00,633.00,"6,330.00",2024-04-10
585,HRL,2024041005000841,28,38,10.00,633.00,"6,330.00",2024-04-10
586,HRL,2024041005000842,28,53,10.00,633.00,"6,330.00",2024-04-10
587,HRL,2024041005000843,28,16,20.00,633.00,"12,660.00",2024-04-10
588,HRL,2024041005000844,28,55,300.00,633.20,"189,960.00",2024-04-10
589,HRL,2024041005000845,28,65,500.00,633.50,"316,750.00",2024-04-10
590,HRL,2024041005000846,28,1,50.00,634.00,"31,700.00",2024-04-10
591,HRL,2024041005000847,28,33,100.00,634.00,"63,400.00",2024-04-10
592,HRL,2024041005000848,28,28,230.00,634.00,"145,820.00",2024-04-10
593,HRL,2024041005000849,28,11,10.00,634.00,"6,340.00",2024-04-10
594,HRL,2024041005000850,28,29,20.00,634.00,"12,680.00",2024-04-10
595,HRL,2024041005000851,28,42,400.00,634.00,"253,600.00",2024-04-10
596,HRL,2024041005000852,28,50,218.00,634.00,"138,212.00",2024-04-10
597,HRL,2024041005000854,36,10,30.00,629.00,"18,870.00",2024-04-10
598,HRL,2024041005000855,28,44,30.00,630.00,"18,900.00",2024-04-10
599,HRL,2024041005000856,28,35,10.00,630.00,"6,300.00",2024-04-10
600,HRL,2024041005000857,28,35,10.00,630.10,"6,301.00",2024-04-10
601,HRL,2024041005000858,28,35,20.00,633.00,"12,660.00",2024-04-10
602,HRL,2024041005000860,36,19,10.00,629.00,"6,290.00",2024-04-10
603,HRL,2024041005000862,36,4,10.00,629.00,"6,290.00",2024-04-10
604,HRL,2024041005000863,36,38,10.00,629.00,"6,290.00",2024-04-10
605,HRL,2024041005000864,36,8,10.00,629.00,"6,290.00",2024-04-10
606,HRL,2024041005000866,45,62,40.00,629.90,"25,196.00",2024-04-10
607,HRL,2024041005000867,36,42,10.00,629.00,"6,290.00",2024-04-10
608,HRL,2024041005000868,36,46,10.00,629.00,"6,290.00",2024-04-10
609,HRL,2024041005000869,36,45,50.00,629.00,"31,450.00",2024-04-10
610,HRL,2024041005000873,28,62,460.00,629.90,"289,754.00",2024-04-10
611,HRL,2024041005000874,28,40,10.00,630.00,"6,300.00",2024-04-10
612,HRL,2024041005000875,28,25,10.00,630.00,"6,300.00",2024-04-10
613,HRL,2024041005000876,28,45,10.00,632.00,"6,320.00",2024-04-10
614,HRL,2024041005000877,28,22,10.00,632.90,"6,329.00",2024-04-10
615,HRL,2024041005000878,36,8,10.00,629.00,"6,290.00",2024-04-10
616,HRL,2024041005000879,36,58,10.00,629.00,"6,290.00",2024-04-10
617,HRL,2024041005000880,36,42,10.00,629.00,"6,290.00",2024-04-10
618,HRL,2024041005000881,36,45,10.00,629.00,"6,290.00",2024-04-10
619,HRL,2024041005000882,36,38,10.00,629.00,"6,290.00",2024-04-10
620,HRL,2024041005000883,36,21,20.00,629.00,"12,580.00",2024-04-10
621,HRL,2024041005000886,36,10,30.00,629.00,"18,870.00",2024-04-10
622,HRL,2024041005000887,36,42,10.00,629.00,"6,290.00",2024-04-10
623,HRL,2024041005000889,36,46,30.00,629.00,"18,870.00",2024-04-10
624,HRL,2024041005000890,36,36,10.00,629.00,"6,290.00",2024-04-10
625,HRL,2024041005000891,28,58,20.00,632.00,"12,640.00",2024-04-10
626,HRL,2024041005000892,28,6,10.00,632.00,"6,320.00",2024-04-10
627,HRL,2024041005000893,7,6,30.00,632.00,"18,960.00",2024-04-10
628,HRL,2024041005000895,36,38,10.00,629.00,"6,290.00",2024-04-10
629,HRL,2024041005000896,48,49,10.00,629.00,"6,290.00",2024-04-10
630,HRL,2024041005000897,48,17,20.00,629.00,"12,580.00",2024-04-10
631,HRL,2024041005000898,48,10,20.00,629.00,"12,580.00",2024-04-10
632,HRL,2024041005000899,34,10,10.00,629.00,"6,290.00",2024-04-10
633,HRL,2024041005000903,34,58,10.00,629.00,"6,290.00",2024-04-10
634,HRL,2024041005000904,34,58,10.00,629.00,"6,290.00",2024-04-10
635,HRL,2024041005000912,28,58,10.00,630.00,"6,300.00",2024-04-10
636,HRL,2024041005000913,28,6,10.00,632.00,"6,320.00",2024-04-10
637,HRL,2024041005000914,34,10,30.00,629.00,"18,870.00",2024-04-10
638,HRL,2024041005000916,34,17,10.00,629.00,"6,290.00",2024-04-10
639,HRL,2024041005000917,28,58,10.00,631.90,"6,319.00",2024-04-10
640,HRL,2024041005000921,58,45,20.00,629.00,"12,580.00",2024-04-10
641,HRL,2024041005000922,34,58,10.00,631.90,"6,319.00",2024-04-10
642,HRL,2024041005000923,58,8,10.00,629.00,"6,290.00",2024-04-10
643,HRL,2024041005000924,58,10,10.00,629.00,"6,290.00",2024-04-10
644,HRL,2024041005000925,6,10,20.00,629.00,"12,580.00",2024-04-10
645,HRL,2024041005000926,57,39,10.00,628.60,"6,286.00",2024-04-10
646,HRL,2024041005000927,57,43,10.00,628.60,"6,286.00",2024-04-10
647,HRL,2024041005000928,49,34,10.00,629.00,"6,290.00",2024-04-10
648,HRL,2024041005000929,28,62,20.00,631.80,"12,636.00",2024-04-10
649,HRL,2024041005000930,49,38,10.00,629.00,"6,290.00",2024-04-10
650,HRL,2024041005000931,49,52,10.00,629.00,"6,290.00",2024-04-10
651,HRL,2024041005000932,49,41,30.00,629.00,"18,870.00",2024-04-10
652,HRL,2024041005000933,28,8,20.00,630.00,"12,600.00",2024-04-10
653,HRL,2024041005000934,28,36,10.00,631.00,"6,310.00",2024-04-10
654,HRL,2024041005000935,49,49,50.00,629.00,"31,450.00",2024-04-10
655,HRL,2024041005000936,49,16,20.00,629.00,"12,580.00",2024-04-10
656,HRL,2024041005000937,28,36,10.00,631.00,"6,310.00",2024-04-10
657,HRL,2024041005000938,28,52,10.00,631.00,"6,310.00",2024-04-10
658,HRL,2024041005000939,28,62,10.00,631.80,"6,318.00",2024-04-10
659,HRL,2024041005000940,17,58,30.00,629.10,"18,873.00",2024-04-10
660,HRL,2024041005000942,49,28,100.00,631.00,"63,100.00",2024-04-10
661,HRL,2024041005000943,28,28,10.00,631.00,"6,310.00",2024-04-10
662,HRL,2024041005000944,17,3,10.00,629.10,"6,291.00",2024-04-10
663,HRL,2024041005000945,17,47,10.00,629.10,"6,291.00",2024-04-10
664,HRL,2024041005000946,17,8,10.00,629.10,"6,291.00",2024-04-10
665,HRL,2024041005000948,49,44,170.00,630.00,"107,100.00",2024-04-10
666,HRL,2024041005000949,17,4,10.00,629.10,"6,291.00",2024-04-10
667,HRL,2024041005000950,17,38,10.00,629.10,"6,291.00",2024-04-10
668,HRL,2024041005000953,82,44,830.00,630.00,"522,900.00",2024-04-10
669,HRL,2024041005000955,17,41,30.00,629.10,"18,873.00",2024-04-10
670,HRL,2024041005000956,34,35,10.00,630.00,"6,300.00",2024-04-10
671,HRL,2024041005000960,17,19,10.00,629.10,"6,291.00",2024-04-10
672,HRL,2024041005000961,16,45,20.00,630.00,"12,600.00",2024-04-10
673,HRL,2024041005000962,16,14,10.00,630.00,"6,300.00",2024-04-10
674,HRL,2024041005000963,16,38,10.00,630.00,"6,300.00",2024-04-10
675,HRL,2024041005000964,16,32,170.00,630.00,"107,100.00",2024-04-10
676,HRL,2024041005000966,16,48,30.00,630.00,"18,900.00",2024-04-10
677,HRL,2024041005000968,16,41,20.00,630.00,"12,600.00",2024-04-10
678,HRL,2024041005000969,16,58,10.00,630.00,"6,300.00",2024-04-10
679,HRL,2024041005000970,16,4,10.00,630.00,"6,300.00",2024-04-10
680,HRL,2024041005000971,16,32,10.00,630.00,"6,300.00",2024-04-10
681,HRL,2024041005000973,28,58,10.00,630.90,"6,309.00",2024-04-10
682,HRL,2024041005000975,16,41,30.00,630.00,"18,900.00",2024-04-10
683,HRL,2024041005000976,16,32,10.00,630.00,"6,300.00",2024-04-10
684,HRL,2024041005000977,16,14,10.00,630.00,"6,300.00",2024-04-10
685,HRL,2024041005000980,28,58,10.00,630.90,"6,309.00",2024-04-10
686,HRL,2024041005000981,16,4,10.00,630.00,"6,300.00",2024-04-10
687,HRL,2024041005000982,16,34,30.00,630.00,"18,900.00",2024-04-10
688,HRL,2024041005000992,16,74,20.00,630.00,"12,600.00",2024-04-10
689,HRL,2024041005000993,17,74,180.00,630.00,"113,400.00",2024-04-10
690,HRL,2024041005000994,17,38,10.00,630.00,"6,300.00",2024-04-10
691,HRL,2024041005000996,28,58,10.00,630.90,"6,309.00",2024-04-10
692,HRL,2024041005000997,17,42,10.00,630.00,"6,300.00",2024-04-10
693,HRL,2024041005000999,17,7,10.00,629.10,"6,291.00",2024-04-10
694,HRL,2024041005001000,17,58,10.00,629.10,"6,291.00",2024-04-10
695,HRL,2024041005001013,34,38,10.00,629.20,"6,292.00",2024-04-10
696,HRL,2024041005001014,34,58,10.00,629.20,"6,292.00",2024-04-10
697,HRL,2024041005001015,17,42,90.00,630.00,"56,700.00",2024-04-10
698,HRL,2024041005001016,17,22,20.00,630.00,"12,600.00",2024-04-10
699,HRL,2024041005001017,17,57,20.00,630.00,"12,600.00",2024-04-10
700,HRL,2024041005001018,17,44,20.00,630.00,"12,600.00",2024-04-10
701,HRL,2024041005001019,17,40,50.00,630.00,"31,500.00",2024-04-10
702,HRL,2024041005001020,17,57,10.00,630.00,"6,300.00",2024-04-10
703,HRL,2024041005001024,17,22,290.00,630.00,"182,700.00",2024-04-10
704,HRL,2024041005001025,34,74,80.00,629.20,"50,336.00",2024-04-10
705,HRL,2024041005001026,57,74,220.00,629.20,"138,424.00",2024-04-10
706,HRL,2024041005001027,57,8,780.00,629.20,"490,776.00",2024-04-10
707,HRL,2024041005001028,82,8,"1,000.00",629.20,"629,200.00",2024-04-10
708,HRL,2024041005001029,33,8,20.00,629.20,"12,584.00",2024-04-10
709,HRL,2024041005001030,17,14,360.00,629.10,"226,476.00",2024-04-10
710,HRL,2024041005001031,33,14,340.00,629.10,"213,894.00",2024-04-10
711,HRL,2024041005001034,33,25,100.00,629.10,"62,910.00",2024-04-10
712,HRL,2024041005001035,33,3,10.00,629.10,"6,291.00",2024-04-10
713,HRL,2024041005001038,33,49,30.00,629.10,"18,873.00",2024-04-10
714,HRL,2024041005001039,33,17,10.00,629.10,"6,291.00",2024-04-10
715,HRL,2024041005001041,33,14,10.00,629.10,"6,291.00",2024-04-10
716,HRL,2024041005001042,17,14,290.00,629.00,"182,410.00",2024-04-10
717,HRL,2024041005001044,17,74,10.00,629.00,"6,290.00",2024-04-10
718,HRL,2024041005001045,57,74,10.00,628.60,"6,286.00",2024-04-10
719,HRL,2024041005001046,57,17,20.00,628.60,"12,572.00",2024-04-10
720,HRL,2024041005001047,57,40,10.00,628.60,"6,286.00",2024-04-10
721,HRL,2024041005001048,57,3,40.00,628.60,"25,144.00",2024-04-10
722,HRL,2024041005001049,17,3,490.00,628.50,"307,965.00",2024-04-10
723,HRL,2024041005001050,17,3,200.00,628.50,"125,700.00",2024-04-10
724,HRL,2024041005001051,82,3,"1,000.00",628.50,"628,500.00",2024-04-10
725,HRL,2024041005001052,49,3,25.00,628.20,"15,705.00",2024-04-10
726,HRL,2024041005001053,58,74,20.00,628.20,"12,564.00",2024-04-10
727,HRL,2024041005001054,58,41,10.00,628.20,"6,282.00",2024-04-10
728,HRL,2024041005001058,58,42,10.00,628.20,"6,282.00",2024-04-10
729,HRL,2024041005001059,55,74,20.00,628.10,"12,562.00",2024-04-10
730,HRL,2024041005001061,55,74,20.00,628.10,"12,562.00",2024-04-10
731,HRL,2024041005001064,55,4,10.00,628.10,"6,281.00",2024-04-10
732,HRL,2024041005001065,55,49,450.00,628.10,"282,645.00",2024-04-10
733,HRL,2024041005001066,45,49,200.00,628.10,"125,620.00",2024-04-10
734,HRL,2024041005001067,76,49,610.00,628.00,"383,080.00",2024-04-10
735,HRL,2024041005001068,34,49,10.00,628.00,"6,280.00",2024-04-10
736,HRL,2024041005001069,34,49,200.00,628.00,"125,600.00",2024-04-10
737,HRL,2024041005001070,48,49,50.00,628.00,"31,400.00",2024-04-10
738,HRL,2024041005001071,28,49,50.00,628.00,"31,400.00",2024-04-10
739,HRL,2024041005001072,34,49,135.00,628.00,"84,780.00",2024-04-10
740,HRL,2024041005001074,34,74,20.00,628.00,"12,560.00",2024-04-10
741,HRL,2024041005001075,34,58,10.00,628.00,"6,280.00",2024-04-10
742,HRL,2024041005001080,34,55,85.00,628.00,"53,380.00",2024-04-10
743,HRL,2024041005001085,55,38,500.00,627.80,"313,900.00",2024-04-10
744,HRL,2024041005001086,17,74,20.00,627.70,"12,554.00",2024-04-10
745,HRL,2024041005001087,17,87,20.00,627.70,"12,554.00",2024-04-10
746,HRL,2024041005001090,17,42,460.00,627.70,"288,742.00",2024-04-10
747,HRL,2024041005001091,34,42,120.00,627.50,"75,300.00",2024-04-10
748,HRL,2024041005001093,29,42,150.00,627.00,"94,050.00",2024-04-10
749,HRL,2024041005001098,29,38,300.00,627.00,"188,100.00",2024-04-10
750,HRL,2024041005001099,29,55,50.00,627.00,"31,350.00",2024-04-10
751,HRL,2024041005001100,26,55,20.00,627.00,"12,540.00",2024-04-10
752,HRL,2024041005001101,17,55,200.00,627.00,"125,400.00",2024-04-10
753,HRL,2024041005001106,17,94,160.00,626.50,"100,240.00",2024-04-10
754,HRL,2024041005001107,17,74,20.00,626.50,"12,530.00",2024-04-10
755,HRL,2024041005001108,17,59,10.00,626.50,"6,265.00",2024-04-10
756,HRL,2024041005001112,17,49,210.00,626.50,"131,565.00",2024-04-10
757,HRL,2024041005001114,17,41,10.00,626.50,"6,265.00",2024-04-10
758,HRL,2024041005001115,17,36,81.00,626.50,"50,746.50",2024-04-10
759,HRL,2024041005001117,54,62,30.00,626.20,"18,786.00",2024-04-10
760,HRL,2024041005001119,17,52,10.00,626.00,"6,260.00",2024-04-10
761,HRL,2024041005001121,17,62,120.00,626.00,"75,120.00",2024-04-10
762,HRL,2024041005001122,17,82,370.00,626.00,"231,620.00",2024-04-10
763,HRL,2024041005001123,34,82,750.00,626.00,"469,500.00",2024-04-10
764,HRL,2024041005001136,17,82,500.00,626.00,"313,000.00",2024-04-10
765,HRL,2024041005001137,42,45,20.00,625.90,"12,518.00",2024-04-10
766,HRL,2024041005001139,42,49,20.00,625.90,"12,518.00",2024-04-10
767,HRL,2024041005001140,42,18,10.00,625.90,"6,259.00",2024-04-10
768,HRL,2024041005001142,42,45,10.00,625.90,"6,259.00",2024-04-10
769,HRL,2024041005001144,42,39,10.00,625.90,"6,259.00",2024-04-10
770,HRL,2024041005001145,42,18,10.00,625.90,"6,259.00",2024-04-10
771,HRL,2024041005001149,42,86,10.00,625.90,"6,259.00",2024-04-10
772,HRL,2024041005001150,42,45,10.00,625.90,"6,259.00",2024-04-10
773,HRL,2024041005001151,17,35,10.00,625.10,"6,251.00",2024-04-10
774,HRL,2024041005001154,17,52,10.00,625.10,"6,251.00",2024-04-10
775,HRL,2024041005001155,17,29,480.00,625.10,"300,048.00",2024-04-10
776,HRL,2024041005001156,22,29,80.00,625.00,"50,000.00",2024-04-10
777,HRL,2024041005001157,34,29,100.00,625.00,"62,500.00",2024-04-10
778,HRL,2024041005001158,45,29,40.00,625.00,"25,000.00",2024-04-10
779,HRL,2024041005001159,28,29,200.00,625.00,"125,000.00",2024-04-10
780,HRL,2024041005001160,57,29,80.00,625.00,"50,000.00",2024-04-10
781,HRL,2024041005001161,51,29,30.00,625.00,"18,750.00",2024-04-10
782,HRL,2024041005001162,11,29,490.00,625.00,"306,250.00",2024-04-10
783,HRL,2024041005001164,11,49,10.00,625.00,"6,250.00",2024-04-10
784,HRL,2024041005001165,44,49,10.00,625.00,"6,250.00",2024-04-10
785,HRL,2024041005001166,44,42,90.00,625.00,"56,250.00",2024-04-10
786,HRL,2024041005001167,13,42,60.00,625.00,"37,500.00",2024-04-10
787,HRL,2024041005001168,28,42,250.00,625.00,"156,250.00",2024-04-10
788,HRL,2024041005001169,28,42,10.00,625.90,"6,259.00",2024-04-10
789,HRL,2024041005001170,28,55,210.00,625.90,"131,439.00",2024-04-10
790,HRL,2024041005001171,28,82,"1,030.00",626.00,"644,780.00",2024-04-10
791,HRL,2024041005001173,69,88,100.00,623.90,"62,390.00",2024-04-10
792,HRL,2024041005001174,49,88,500.00,623.10,"311,550.00",2024-04-10
793,HRL,2024041005001175,48,88,50.00,623.00,"31,150.00",2024-04-10
794,HRL,2024041005001176,17,88,350.00,623.00,"218,050.00",2024-04-10
795,HRL,2024041005001181,17,35,20.00,623.00,"12,460.00",2024-04-10
796,HRL,2024041005001182,17,8,30.00,623.00,"18,690.00",2024-04-10
797,HRL,2024041005001186,17,58,10.00,623.00,"6,230.00",2024-04-10
798,HRL,2024041005001187,28,51,10.00,623.90,"6,239.00",2024-04-10
799,HRL,2024041005001195,17,28,10.00,623.00,"6,230.00",2024-04-10
800,HRL,2024041005001197,17,58,10.00,623.00,"6,230.00",2024-04-10
801,HRL,2024041005001198,28,51,10.00,623.90,"6,239.00",2024-04-10
802,HRL,2024041005001202,17,58,10.00,623.00,"6,230.00",2024-04-10
803,HRL,2024041005001203,17,58,10.00,623.00,"6,230.00",2024-04-10
804,HRL,2024041005001204,17,49,10.00,623.00,"6,230.00",2024-04-10
805,HRL,2024041005001205,17,58,30.00,623.00,"18,690.00",2024-04-10
806,HRL,2024041005001209,17,48,10.00,623.00,"6,230.00",2024-04-10
807,HRL,2024041005001210,17,53,70.00,623.00,"43,610.00",2024-04-10
808,HRL,2024041005001212,17,34,20.00,623.00,"12,460.00",2024-04-10
809,HRL,2024041005001213,28,51,10.00,623.90,"6,239.00",2024-04-10
810,HRL,2024041005001216,17,73,30.00,623.00,"18,690.00",2024-04-10
811,HRL,2024041005001217,28,51,170.00,623.90,"106,063.00",2024-04-10
812,HRL,2024041005001218,28,32,20.00,624.00,"12,480.00",2024-04-10
813,HRL,2024041005001219,28,11,200.00,624.00,"124,800.00",2024-04-10
814,HRL,2024041005001220,28,58,10.00,625.00,"6,250.00",2024-04-10
815,HRL,2024041005001221,28,18,10.00,625.00,"6,250.00",2024-04-10
816,HRL,2024041005001222,28,49,10.00,625.00,"6,250.00",2024-04-10
817,HRL,2024041005001223,28,17,20.00,625.00,"12,500.00",2024-04-10
818,HRL,2024041005001224,28,38,200.00,625.00,"125,000.00",2024-04-10
819,HRL,2024041005001225,28,58,10.00,625.00,"6,250.00",2024-04-10
820,HRL,2024041005001226,28,28,850.00,625.00,"531,250.00",2024-04-10
821,HRL,2024041005001227,17,32,880.00,623.00,"548,240.00",2024-04-10
822,HRL,2024041005001228,34,32,20.00,622.40,"12,448.00",2024-04-10
823,HRL,2024041005001229,82,32,100.00,622.40,"62,240.00",2024-04-10
824,HRL,2024041005001235,28,5,10.00,624.00,"6,240.00",2024-04-10
825,HRL,2024041005001236,28,28,10.00,625.00,"6,250.00",2024-04-10
826,HRL,2024041005001243,13,45,10.00,623.00,"6,230.00",2024-04-10
827,HRL,2024041005001254,13,49,10.00,623.00,"6,230.00",2024-04-10
828,HRL,2024041005001256,13,17,10.00,623.00,"6,230.00",2024-04-10
829,HRL,2024041005001257,13,50,20.00,623.00,"12,460.00",2024-04-10
830,HRL,2024041005001258,82,50,80.00,622.40,"49,792.00",2024-04-10
831,HRL,2024041005001260,82,17,10.00,622.40,"6,224.00",2024-04-10
832,HRL,2024041005001263,28,57,10.00,624.00,"6,240.00",2024-04-10
833,HRL,2024041005001264,17,57,10.00,624.00,"6,240.00",2024-04-10
834,HRL,2024041005001265,17,42,20.00,624.00,"12,480.00",2024-04-10
835,HRL,2024041005001266,17,28,30.00,625.00,"18,750.00",2024-04-10
836,HRL,2024041005001267,17,35,10.00,625.00,"6,250.00",2024-04-10
837,HRL,2024041005001268,17,41,10.00,625.00,"6,250.00",2024-04-10
838,HRL,2024041005001269,17,52,10.00,625.00,"6,250.00",2024-04-10
839,HRL,2024041005001270,17,49,310.00,625.00,"193,750.00",2024-04-10
840,HRL,2024041005001271,17,34,30.00,625.00,"18,750.00",2024-04-10
841,HRL,2024041005001272,17,11,10.00,625.00,"6,250.00",2024-04-10
842,HRL,2024041005001273,17,45,10.00,625.00,"6,250.00",2024-04-10
843,HRL,2024041005001274,17,36,30.00,625.00,"18,750.00",2024-04-10
844,HRL,2024041005001275,17,45,10.00,625.00,"6,250.00",2024-04-10
845,HRL,2024041005001276,17,55,10.00,625.00,"6,250.00",2024-04-10
846,HRL,2024041005001278,28,55,10.00,625.00,"6,250.00",2024-04-10
847,HRL,2024041005001281,34,17,10.00,624.00,"6,240.00",2024-04-10
848,HRL,2024041005001282,46,17,20.00,624.00,"12,480.00",2024-04-10
849,HRL,2024041005001284,28,57,10.00,625.00,"6,250.00",2024-04-10
850,HRL,2024041005001285,28,60,10.00,625.00,"6,250.00",2024-04-10
851,HRL,2024041005001286,28,35,10.00,625.00,"6,250.00",2024-04-10
852,HRL,2024041005001287,28,58,10.00,625.00,"6,250.00",2024-04-10
853,HRL,2024041005001294,46,1,140.00,624.00,"87,360.00",2024-04-10
854,HRL,2024041005001295,41,49,10.00,622.60,"6,226.00",2024-04-10
855,HRL,2024041005001296,41,55,10.00,622.60,"6,226.00",2024-04-10
856,HRL,2024041005001297,82,52,30.00,622.70,"18,681.00",2024-04-10
857,HRL,2024041005001301,82,45,10.00,622.70,"6,227.00",2024-04-10
858,HRL,2024041005001302,82,17,10.00,622.70,"6,227.00",2024-04-10
859,HRL,2024041005001303,82,41,20.00,622.70,"12,454.00",2024-04-10
860,HRL,2024041005001305,62,22,10.00,623.00,"6,230.00",2024-04-10
861,HRL,2024041005001313,62,35,10.00,623.00,"6,230.00",2024-04-10
862,HRL,2024041005001318,62,25,10.00,623.00,"6,230.00",2024-04-10
863,HRL,2024041005001319,69,62,10.00,624.90,"6,249.00",2024-04-10
864,HRL,2024041005001324,62,42,20.00,623.00,"12,460.00",2024-04-10
865,HRL,2024041005001328,62,47,20.00,623.00,"12,460.00",2024-04-10
866,HRL,2024041005001329,45,47,50.00,623.00,"31,150.00",2024-04-10
867,HRL,2024041005001330,22,5,30.00,623.00,"18,690.00",2024-04-10
868,HRL,2024041005001331,82,5,90.00,622.70,"56,043.00",2024-04-10
869,HRL,2024041005001332,82,45,10.00,622.70,"6,227.00",2024-04-10
870,HRL,2024041005001334,69,57,20.00,623.00,"12,460.00",2024-04-10
871,HRL,2024041005001335,69,42,10.00,623.00,"6,230.00",2024-04-10
872,HRL,2024041005001343,82,38,20.00,622.70,"12,454.00",2024-04-10
873,HRL,2024041005001345,82,17,10.00,622.70,"6,227.00",2024-04-10
874,HRL,2024041005001346,82,58,10.00,622.70,"6,227.00",2024-04-10
875,HRL,2024041005001362,29,45,10.00,622.60,"6,226.00",2024-04-10
876,HRL,2024041005001364,29,4,10.00,622.60,"6,226.00",2024-04-10
877,HRL,2024041005001365,29,52,30.00,622.60,"18,678.00",2024-04-10
878,HRL,2024041005001366,29,58,20.00,622.60,"12,452.00",2024-04-10
879,HRL,2024041005001369,29,39,10.00,622.60,"6,226.00",2024-04-10
880,HRL,2024041005001370,29,7,10.00,622.60,"6,226.00",2024-04-10
881,HRL,2024041005001371,29,36,10.00,622.60,"6,226.00",2024-04-10
882,HRL,2024041005001373,67,17,10.00,622.50,"6,225.00",2024-04-10
883,HRL,2024041005001374,67,17,10.00,622.50,"6,225.00",2024-04-10
884,HRL,2024041005001375,67,21,20.00,622.50,"12,450.00",2024-04-10
885,HRL,2024041005001376,49,58,20.00,622.60,"12,452.00",2024-04-10
886,HRL,2024041005001377,49,17,10.00,622.60,"6,226.00",2024-04-10
887,HRL,2024041005001378,49,55,170.00,622.60,"105,842.00",2024-04-10
888,HRL,2024041005001379,67,55,30.00,622.50,"18,675.00",2024-04-10
889,HRL,2024041005001380,67,22,10.00,622.50,"6,225.00",2024-04-10
890,HRL,2024041005001390,67,73,30.00,622.50,"18,675.00",2024-04-10
891,HRL,2024041005001391,67,38,200.00,622.50,"124,500.00",2024-04-10
892,HRL,2024041005001392,17,42,10.00,623.00,"6,230.00",2024-04-10
893,HRL,2024041005001393,17,22,10.00,623.00,"6,230.00",2024-04-10
894,HRL,2024041005001394,17,58,10.00,623.00,"6,230.00",2024-04-10
895,HRL,2024041005001395,17,58,10.00,623.00,"6,230.00",2024-04-10
896,HRL,2024041005001396,17,35,10.00,623.00,"6,230.00",2024-04-10
897,HRL,2024041005001397,17,51,10.00,623.00,"6,230.00",2024-04-10
898,HRL,2024041005001398,17,49,10.00,623.00,"6,230.00",2024-04-10
899,HRL,2024041005001399,17,21,20.00,623.00,"12,460.00",2024-04-10
900,HRL,2024041005001402,17,55,100.00,623.00,"62,300.00",2024-04-10
901,HRL,2024041005001403,17,45,10.00,623.00,"6,230.00",2024-04-10
902,HRL,2024041005001405,17,42,10.00,623.00,"6,230.00",2024-04-10
903,HRL,2024041005001406,17,6,20.00,623.00,"12,460.00",2024-04-10
904,HRL,2024041005001409,17,38,20.00,623.00,"12,460.00",2024-04-10
905,HRL,2024041005001410,17,38,10.00,623.00,"6,230.00",2024-04-10
906,HRL,2024041005001415,17,7,10.00,623.00,"6,230.00",2024-04-10
907,HRL,2024041005001416,17,53,10.00,623.00,"6,230.00",2024-04-10
908,HRL,2024041005001418,17,6,20.00,623.00,"12,460.00",2024-04-10
909,HRL,2024041005001419,17,45,10.00,623.00,"6,230.00",2024-04-10
910,HRL,2024041005001420,17,45,10.00,623.00,"6,230.00",2024-04-10
911,HRL,2024041005001421,17,35,10.00,623.00,"6,230.00",2024-04-10
912,HRL,2024041005001424,17,42,10.00,623.00,"6,230.00",2024-04-10
913,HRL,2024041005001427,17,45,10.00,623.00,"6,230.00",2024-04-10
914,HRL,2024041005001433,17,50,30.00,623.00,"18,690.00",2024-04-10
915,HRL,2024041005001434,17,58,10.00,623.00,"6,230.00",2024-04-10
916,HRL,2024041005001435,17,35,20.00,623.00,"12,460.00",2024-04-10
917,HRL,2024041005001438,58,11,10.00,624.00,"6,240.00",2024-04-10
918,HRL,2024041005001439,17,55,10.00,623.00,"6,230.00",2024-04-10
919,HRL,2024041005001441,17,4,10.00,623.00,"6,230.00",2024-04-10
920,HRL,2024041005001442,17,49,20.00,623.00,"12,460.00",2024-04-10
921,HRL,2024041005001443,49,28,10.00,623.50,"6,235.00",2024-04-10
922,HRL,2024041005001444,49,25,10.00,624.00,"6,240.00",2024-04-10
923,HRL,2024041005001445,49,7,10.00,624.00,"6,240.00",2024-04-10
924,HRL,2024041005001446,49,58,10.00,624.00,"6,240.00",2024-04-10
925,HRL,2024041005001447,49,38,10.00,624.00,"6,240.00",2024-04-10
926,HRL,2024041005001449,49,42,20.00,624.00,"12,480.00",2024-04-10
927,HRL,2024041005001450,49,14,10.00,624.00,"6,240.00",2024-04-10
928,HRL,2024041005001451,49,32,10.00,624.00,"6,240.00",2024-04-10
929,HRL,2024041005001452,49,7,10.00,624.00,"6,240.00",2024-04-10
930,HRL,2024041005001453,49,58,120.00,624.00,"74,880.00",2024-04-10
931,HRL,2024041005001454,49,40,280.00,624.00,"174,720.00",2024-04-10
932,HRL,2024041005001455,17,38,10.00,623.00,"6,230.00",2024-04-10
933,HRL,2024041005001457,17,89,40.00,623.00,"24,920.00",2024-04-10
934,HRL,2024041005001458,49,89,500.00,623.00,"311,500.00",2024-04-10
935,HRL,2024041005001459,49,89,460.00,622.70,"286,442.00",2024-04-10
936,HRL,2024041005001461,49,40,500.00,624.00,"312,000.00",2024-04-10
937,HRL,2024041005001468,49,57,10.00,622.70,"6,227.00",2024-04-10
938,HRL,2024041005001472,49,34,10.00,622.70,"6,227.00",2024-04-10
939,HRL,2024041005001477,34,58,10.00,622.80,"6,228.00",2024-04-10
940,HRL,2024041005001479,49,45,10.00,622.70,"6,227.00",2024-04-10
941,HRL,2024041005001481,49,56,10.00,622.70,"6,227.00",2024-04-10
942,HRL,2024041005001483,34,18,10.00,623.00,"6,230.00",2024-04-10
943,HRL,2024041005001484,38,7,10.00,622.80,"6,228.00",2024-04-10
944,HRL,2024041005001485,38,38,10.00,622.80,"6,228.00",2024-04-10
945,HRL,2024041005001486,17,38,20.00,622.70,"12,454.00",2024-04-10
946,HRL,2024041005001488,17,58,10.00,622.70,"6,227.00",2024-04-10
947,HRL,2024041005001491,69,19,10.00,623.00,"6,230.00",2024-04-10
948,HRL,2024041005001492,69,40,10.00,624.00,"6,240.00",2024-04-10
949,HRL,2024041005001493,17,45,20.00,622.70,"12,454.00",2024-04-10
950,HRL,2024041005001494,17,19,10.00,622.70,"6,227.00",2024-04-10
951,HRL,2024041005001496,17,6,10.00,622.70,"6,227.00",2024-04-10
952,HRL,2024041005001497,17,52,10.00,622.70,"6,227.00",2024-04-10
953,HRL,2024041005001500,17,22,10.00,622.70,"6,227.00",2024-04-10
954,HRL,2024041005001505,17,29,20.00,622.70,"12,454.00",2024-04-10
955,HRL,2024041005001507,17,41,10.00,622.70,"6,227.00",2024-04-10
956,HRL,2024041005001508,17,45,10.00,622.70,"6,227.00",2024-04-10
957,HRL,2024041005001511,17,40,40.00,622.70,"24,908.00",2024-04-10
958,HRL,2024041005001512,17,58,20.00,622.70,"12,454.00",2024-04-10
959,HRL,2024041005001516,17,32,20.00,622.70,"12,454.00",2024-04-10
960,HRL,2024041005001517,17,32,290.00,622.70,"180,583.00",2024-04-10
961,HRL,2024041005001518,53,38,30.00,622.60,"18,678.00",2024-04-10
962,HRL,2024041005001520,53,41,20.00,622.60,"12,452.00",2024-04-10
963,HRL,2024041005001521,49,41,500.00,622.60,"311,300.00",2024-04-10
964,HRL,2024041005001522,67,41,165.00,622.50,"102,712.50",2024-04-10
965,HRL,2024041005001523,67,38,10.00,622.50,"6,225.00",2024-04-10
966,HRL,2024041005001525,67,7,10.00,622.50,"6,225.00",2024-04-10
967,HRL,2024041005001526,26,32,50.00,622.70,"31,135.00",2024-04-10
968,HRL,2024041005001528,67,42,10.00,622.50,"6,225.00",2024-04-10
969,HRL,2024041005001529,67,58,94.00,622.50,"58,515.00",2024-04-10
970,HRL,2024041005001530,67,58,10.00,622.50,"6,225.00",2024-04-10
971,HRL,2024041005001532,67,38,10.00,622.50,"6,225.00",2024-04-10
972,HRL,2024041005001534,67,45,10.00,622.50,"6,225.00",2024-04-10
973,HRL,2024041005001536,17,32,30.00,622.70,"18,681.00",2024-04-10
974,HRL,2024041005001537,17,35,20.00,622.70,"12,454.00",2024-04-10
975,HRL,2024041005001538,17,45,10.00,622.70,"6,227.00",2024-04-10
976,HRL,2024041005001539,17,17,10.00,622.70,"6,227.00",2024-04-10
977,HRL,2024041005001540,17,6,10.00,623.00,"6,230.00",2024-04-10
978,HRL,2024041005001541,17,41,10.00,623.00,"6,230.00",2024-04-10
979,HRL,2024041005001542,17,4,20.00,623.00,"12,460.00",2024-04-10
980,HRL,2024041005001543,17,71,90.00,623.00,"56,070.00",2024-04-10
981,HRL,2024041005001544,17,14,10.00,623.00,"6,230.00",2024-04-10
982,HRL,2024041005001545,17,58,20.00,623.00,"12,460.00",2024-04-10
983,HRL,2024041005001546,17,20,10.00,623.00,"6,230.00",2024-04-10
984,HRL,2024041005001548,17,28,260.00,623.00,"161,980.00",2024-04-10
985,HRL,2024041005001549,67,28,371.00,622.50,"230,947.50",2024-04-10
986,HRL,2024041005001550,41,28,100.00,622.30,"62,230.00",2024-04-10
987,HRL,2024041005001551,17,28,500.00,622.30,"311,150.00",2024-04-10
988,HRL,2024041005001552,41,28,180.00,622.20,"111,996.00",2024-04-10
989,HRL,2024041005001553,49,28,500.00,622.20,"311,100.00",2024-04-10
990,HRL,2024041005001554,49,28,500.00,622.20,"311,100.00",2024-04-10
991,HRL,2024041005001555,55,28,"2,000.00",622.20,"1,244,400.00",2024-04-10
992,HRL,2024041005001556,17,28,"1,000.00",622.10,"622,100.00",2024-04-10
993,HRL,2024041005001557,58,28,250.00,622.00,"155,500.00",2024-04-10
994,HRL,2024041005001558,17,28,500.00,622.00,"311,000.00",2024-04-10
995,HRL,2024041005001559,38,28,50.00,622.00,"31,100.00",2024-04-10
996,HRL,2024041005001560,33,28,500.00,622.00,"311,000.00",2024-04-10
997,HRL,2024041005001563,45,36,20.00,621.00,"12,420.00",2024-04-10
998,HRL,2024041005001574,45,45,20.00,621.00,"12,420.00",2024-04-10
999,HRL,2024041005001575,45,57,10.00,621.00,"6,210.00",2024-04-10
1000,HRL,2024041005001577,66,21,10.00,621.10,"6,211.00",2024-04-10
1001,HRL,2024041005001578,66,50,72.00,621.10,"44,719.20",2024-04-10
1002,HRL,2024041005001579,45,50,43.00,621.00,"26,703.00",2024-04-10
1003,HRL,2024041005001580,34,50,385.00,621.00,"239,085.00",2024-04-10
1004,HRL,2024041005001583,34,57,16.00,621.00,"9,936.00",2024-04-10
1005,HRL,2024041005001584,53,3,10.00,621.10,"6,211.00",2024-04-10
1006,HRL,2024041005001585,53,62,10.00,621.10,"6,211.00",2024-04-10
1007,HRL,2024041005001586,53,42,10.00,621.10,"6,211.00",2024-04-10
1008,HRL,2024041005001587,53,58,10.00,621.10,"6,211.00",2024-04-10
1009,HRL,2024041005001588,53,53,10.00,621.10,"6,211.00",2024-04-10
1010,HRL,2024041005001589,66,59,10.00,621.10,"6,211.00",2024-04-10
1011,HRL,2024041005001590,66,89,66.00,621.10,"40,992.60",2024-04-10
1012,HRL,2024041005001591,34,89,599.00,621.00,"371,979.00",2024-04-10
1013,HRL,2024041005001592,17,89,335.00,621.00,"208,035.00",2024-04-10
1014,HRL,2024041005001593,17,38,20.00,621.00,"12,420.00",2024-04-10
1015,HRL,2024041005001594,17,38,50.00,621.00,"31,050.00",2024-04-10
1016,HRL,2024041005001595,1,7,10.00,621.10,"6,211.00",2024-04-10
1017,HRL,2024041005001596,1,44,90.00,621.10,"55,899.00",2024-04-10
1018,HRL,2024041005001597,17,44,95.00,621.00,"58,995.00",2024-04-10
1019,HRL,2024041005001598,22,44,15.00,621.00,"9,315.00",2024-04-10
1020,HRL,2024041005001600,22,45,10.00,621.00,"6,210.00",2024-04-10
1021,HRL,2024041005001601,39,58,10.00,621.10,"6,211.00",2024-04-10
1022,HRL,2024041005001602,39,52,10.00,621.10,"6,211.00",2024-04-10
1023,HRL,2024041005001603,57,28,"1,000.00",622.00,"622,000.00",2024-04-10
1024,HRL,2024041005001604,39,58,10.00,621.10,"6,211.00",2024-04-10
1025,HRL,2024041005001605,22,42,15.00,621.00,"9,315.00",2024-04-10
1026,HRL,2024041005001606,49,57,500.00,621.00,"310,500.00",2024-04-10
1027,HRL,2024041005001608,58,28,50.00,622.00,"31,100.00",2024-04-10
1028,HRL,2024041005001611,45,39,10.00,620.20,"6,202.00",2024-04-10
1029,HRL,2024041005001612,49,39,10.00,620.20,"6,202.00",2024-04-10
1030,HRL,2024041005001613,49,32,20.00,620.20,"12,404.00",2024-04-10
1031,HRL,2024041005001614,49,28,470.00,620.20,"291,494.00",2024-04-10
1032,HRL,2024041005001615,38,28,300.00,620.10,"186,030.00",2024-04-10
1033,HRL,2024041005001616,21,28,50.00,620.00,"31,000.00",2024-04-10
1034,HRL,2024041005001617,43,28,40.00,620.00,"24,800.00",2024-04-10
1035,HRL,2024041005001618,49,28,100.00,620.00,"62,000.00",2024-04-10
1036,HRL,2024041005001619,50,28,100.00,620.00,"62,000.00",2024-04-10
1037,HRL,2024041005001620,22,28,20.00,620.00,"12,400.00",2024-04-10
1038,HRL,2024041005001621,6,28,500.00,620.00,"310,000.00",2024-04-10
1039,HRL,2024041005001622,42,28,20.00,620.00,"12,400.00",2024-04-10
1040,HRL,2024041005001623,38,28,50.00,620.00,"31,000.00",2024-04-10
1041,HRL,2024041005001624,49,28,500.00,620.00,"310,000.00",2024-04-10
1042,HRL,2024041005001625,49,28,500.00,620.00,"310,000.00",2024-04-10
1043,HRL,2024041005001626,45,28,90.00,619.10,"55,719.00",2024-04-10
1044,HRL,2024041005001627,17,28,"1,000.00",619.10,"619,100.00",2024-04-10
1045,HRL,2024041005001628,58,28,100.00,619.00,"61,900.00",2024-04-10
1046,HRL,2024041005001629,6,28,50.00,619.00,"30,950.00",2024-04-10
1047,HRL,2024041005001630,33,28,500.00,619.00,"309,500.00",2024-04-10
1048,HRL,2024041005001631,34,28,100.00,619.00,"61,900.00",2024-04-10
1049,HRL,2024041005001632,17,38,10.00,618.50,"6,185.00",2024-04-10
1050,HRL,2024041005001635,17,26,100.00,618.50,"61,850.00",2024-04-10
1051,HRL,2024041005001636,17,38,10.00,618.50,"6,185.00",2024-04-10
1052,HRL,2024041005001637,17,49,20.00,618.50,"12,370.00",2024-04-10
1053,HRL,2024041005001638,17,49,20.00,618.50,"12,370.00",2024-04-10
1054,HRL,2024041005001639,17,45,10.00,618.50,"6,185.00",2024-04-10
1055,HRL,2024041005001640,17,50,330.00,618.50,"204,105.00",2024-04-10
1056,HRL,2024041005001641,69,50,100.00,618.00,"61,800.00",2024-04-10
1057,HRL,2024041005001642,38,50,70.00,618.00,"43,260.00",2024-04-10
1058,HRL,2024041005001643,38,38,10.00,618.00,"6,180.00",2024-04-10
1059,HRL,2024041005001648,26,45,10.00,618.50,"6,185.00",2024-04-10
1060,HRL,2024041005001649,26,28,40.00,618.50,"24,740.00",2024-04-10
1061,HRL,2024041005001650,17,28,500.00,618.10,"309,050.00",2024-04-10
1062,HRL,2024041005001651,38,28,120.00,618.00,"74,160.00",2024-04-10
1063,HRL,2024041005001652,17,28,"1,000.00",618.00,"618,000.00",2024-04-10
1064,HRL,2024041005001653,42,28,97.00,618.00,"59,946.00",2024-04-10
1065,HRL,2024041005001654,82,28,"3,000.00",618.00,"1,854,000.00",2024-04-10
1066,HRL,2024041005001655,38,28,300.00,618.00,"185,400.00",2024-04-10
1067,HRL,2024041005001656,17,28,20.00,618.00,"12,360.00",2024-04-10
1068,HRL,2024041005001657,33,38,10.00,617.50,"6,175.00",2024-04-10
1069,HRL,2024041005001664,33,26,10.00,617.50,"6,175.00",2024-04-10
1070,HRL,2024041005001668,33,55,10.00,617.50,"6,175.00",2024-04-10
1071,HRL,2024041005001669,33,58,10.00,617.50,"6,175.00",2024-04-10
1072,HRL,2024041005001670,60,49,20.00,617.60,"12,352.00",2024-04-10
1073,HRL,2024041005001676,49,17,10.00,618.00,"6,180.00",2024-04-10
1074,HRL,2024041005001679,49,8,10.00,618.00,"6,180.00",2024-04-10
1075,HRL,2024041005001680,49,6,10.00,618.00,"6,180.00",2024-04-10
1076,HRL,2024041005001682,25,45,20.00,618.50,"12,370.00",2024-04-10
1077,HRL,2024041005001683,25,42,20.00,618.50,"12,370.00",2024-04-10
1078,HRL,2024041005001685,14,45,10.00,618.20,"6,182.00",2024-04-10
1079,HRL,2024041005001686,14,28,10.00,618.20,"6,182.00",2024-04-10
1080,HRL,2024041005001690,14,55,10.00,618.20,"6,182.00",2024-04-10
1081,HRL,2024041005001691,25,10,30.00,618.50,"18,555.00",2024-04-10
1082,HRL,2024041005001692,25,35,10.00,620.00,"6,200.00",2024-04-10
1083,HRL,2024041005001693,25,51,10.00,620.00,"6,200.00",2024-04-10
1084,HRL,2024041005001694,25,34,10.00,620.00,"6,200.00",2024-04-10
1085,HRL,2024041005001695,14,42,10.00,618.20,"6,182.00",2024-04-10
1086,HRL,2024041005001696,1,58,10.00,618.50,"6,185.00",2024-04-10
1087,HRL,2024041005001697,1,14,10.00,618.50,"6,185.00",2024-04-10
1088,HRL,2024041005001700,1,94,10.00,618.50,"6,185.00",2024-04-10
1089,HRL,2024041005001702,14,58,10.00,618.60,"6,186.00",2024-04-10
1090,HRL,2024041005001703,14,58,10.00,618.60,"6,186.00",2024-04-10
1091,HRL,2024041005001704,14,34,20.00,618.60,"12,372.00",2024-04-10
1092,HRL,2024041005001707,14,4,10.00,618.60,"6,186.00",2024-04-10
1093,HRL,2024041005001709,13,7,30.00,618.80,"18,564.00",2024-04-10
1094,HRL,2024041005001710,13,45,10.00,618.80,"6,188.00",2024-04-10
1095,HRL,2024041005001712,36,19,20.00,619.00,"12,380.00",2024-04-10
1096,HRL,2024041005001713,36,38,10.00,619.00,"6,190.00",2024-04-10
1097,HRL,2024041005001714,36,45,10.00,619.00,"6,190.00",2024-04-10
1098,HRL,2024041005001718,53,16,10.00,619.10,"6,191.00",2024-04-10
1099,HRL,2024041005001722,35,29,10.00,619.50,"6,195.00",2024-04-10
1100,HRL,2024041005001724,35,35,50.00,619.50,"30,975.00",2024-04-10
1101,HRL,2024041005001726,35,36,10.00,619.50,"6,195.00",2024-04-10
1102,HRL,2024041005001727,35,45,10.00,619.50,"6,195.00",2024-04-10
1103,HRL,2024041005001728,35,45,10.00,619.50,"6,195.00",2024-04-10
1104,HRL,2024041005001733,35,39,10.00,619.50,"6,195.00",2024-04-10
1105,HRL,2024041005001735,58,45,10.00,620.00,"6,200.00",2024-04-10
1106,HRL,2024041005001736,58,49,10.00,620.00,"6,200.00",2024-04-10
1107,HRL,2024041005001737,58,32,10.00,620.00,"6,200.00",2024-04-10
1108,HRL,2024041005001738,58,35,10.00,620.00,"6,200.00",2024-04-10
1109,HRL,2024041005001739,58,58,10.00,620.00,"6,200.00",2024-04-10
1110,HRL,2024041005001740,35,8,10.00,619.50,"6,195.00",2024-04-10
1111,HRL,2024041005001741,35,45,10.00,619.50,"6,195.00",2024-04-10
1112,HRL,2024041005001742,35,42,20.00,619.50,"12,390.00",2024-04-10
1113,HRL,2024041005001744,17,6,10.00,619.70,"6,197.00",2024-04-10
1114,HRL,2024041005001746,17,45,10.00,619.70,"6,197.00",2024-04-10
1115,HRL,2024041005001747,35,41,10.00,620.00,"6,200.00",2024-04-10
1116,HRL,2024041005001750,35,38,10.00,620.00,"6,200.00",2024-04-10
1117,HRL,2024041005001751,34,28,10.00,621.00,"6,210.00",2024-04-10
1118,HRL,2024041005001752,34,35,90.00,621.00,"55,890.00",2024-04-10
1119,HRL,2024041005001754,72,55,10.00,620.10,"6,201.00",2024-04-10
1120,HRL,2024041005001756,72,45,30.00,620.10,"18,603.00",2024-04-10
1121,HRL,2024041005001757,72,28,10.00,620.10,"6,201.00",2024-04-10
1122,HRL,2024041005001758,72,52,30.00,620.10,"18,603.00",2024-04-10
1123,HRL,2024041005001759,72,38,10.00,620.10,"6,201.00",2024-04-10
1124,HRL,2024041005001760,72,48,100.00,620.10,"62,010.00",2024-04-10
1125,HRL,2024041005001761,25,35,10.00,621.00,"6,210.00",2024-04-10
1126,HRL,2024041005001762,25,56,10.00,621.00,"6,210.00",2024-04-10
1127,HRL,2024041005001763,25,62,80.00,621.90,"49,752.00",2024-04-10
1128,HRL,2024041005001764,53,20,10.00,620.20,"6,202.00",2024-04-10
1129,HRL,2024041005001765,53,41,10.00,620.20,"6,202.00",2024-04-10
1130,HRL,2024041005001766,53,45,20.00,620.20,"12,404.00",2024-04-10
1131,HRL,2024041005001767,53,41,10.00,620.20,"6,202.00",2024-04-10
1132,HRL,2024041005001769,72,75,10.00,620.30,"6,203.00",2024-04-10
1133,HRL,2024041005001770,72,45,10.00,620.30,"6,203.00",2024-04-10
1134,HRL,2024041005001771,72,50,10.00,620.30,"6,203.00",2024-04-10
1135,HRL,2024041005001772,72,45,10.00,620.30,"6,203.00",2024-04-10
1136,HRL,2024041005001773,72,45,10.00,620.30,"6,203.00",2024-04-10
1137,HRL,2024041005001774,72,35,20.00,620.30,"12,406.00",2024-04-10
1138,HRL,2024041005001777,72,45,10.00,620.30,"6,203.00",2024-04-10
1139,HRL,2024041005001779,72,36,10.00,620.30,"6,203.00",2024-04-10
1140,HRL,2024041005001782,72,44,170.00,620.30,"105,451.00",2024-04-10
1141,HRL,2024041005001783,14,49,10.00,620.90,"6,209.00",2024-04-10
1142,HRL,2024041005001784,58,35,10.00,620.50,"6,205.00",2024-04-10
1143,HRL,2024041005001787,25,45,10.00,621.00,"6,210.00",2024-04-10
1144,HRL,2024041005001788,25,58,10.00,621.00,"6,210.00",2024-04-10
1145,HRL,2024041005001790,25,32,20.00,621.00,"12,420.00",2024-04-10
1146,HRL,2024041005001791,25,28,10.00,621.00,"6,210.00",2024-04-10
1147,HRL,2024041005001794,48,7,30.00,621.70,"18,651.00",2024-04-10
1148,HRL,2024041005001795,36,45,10.00,621.00,"6,210.00",2024-04-10
1149,HRL,2024041005001797,36,41,30.00,621.00,"18,630.00",2024-04-10
1150,HRL,2024041005001798,34,62,110.00,621.90,"68,409.00",2024-04-10
1151,HRL,2024041005001799,34,28,90.00,622.00,"55,980.00",2024-04-10
1152,HRL,2024041005001800,44,28,149.00,622.00,"92,678.00",2024-04-10
1153,HRL,2024041005001801,44,58,10.00,622.00,"6,220.00",2024-04-10
1154,HRL,2024041005001802,44,38,20.00,622.00,"12,440.00",2024-04-10
1155,HRL,2024041005001803,44,58,30.00,622.00,"18,660.00",2024-04-10
1156,HRL,2024041005001804,44,57,10.00,622.00,"6,220.00",2024-04-10
1157,HRL,2024041005001805,44,42,20.00,622.00,"12,440.00",2024-04-10
1158,HRL,2024041005001806,44,58,10.00,622.00,"6,220.00",2024-04-10
1159,HRL,2024041005001807,44,34,10.00,622.00,"6,220.00",2024-04-10
1160,HRL,2024041005001808,44,38,10.00,622.00,"6,220.00",2024-04-10
1161,HRL,2024041005001809,44,49,190.00,622.00,"118,180.00",2024-04-10
1162,HRL,2024041005001810,44,49,10.00,622.00,"6,220.00",2024-04-10
1163,HRL,2024041005001811,44,41,10.00,622.00,"6,220.00",2024-04-10
1164,HRL,2024041005001814,44,58,30.00,622.00,"18,660.00",2024-04-10
1165,HRL,2024041005001818,25,14,10.00,622.00,"6,220.00",2024-04-10
1166,HRL,2024041005001821,25,42,40.00,622.00,"24,880.00",2024-04-10
1167,HRL,2024041005001824,39,58,10.00,622.00,"6,220.00",2024-04-10
1168,HRL,2024041005001826,36,34,10.00,622.50,"6,225.00",2024-04-10
1169,HRL,2024041005001827,36,8,20.00,623.00,"12,460.00",2024-04-10
1170,HRL,2024041005001828,36,16,20.00,623.00,"12,460.00",2024-04-10
1171,HRL,2024041005001829,36,56,300.00,623.00,"186,900.00",2024-04-10
1172,HRL,2024041005001830,36,45,10.00,623.00,"6,230.00",2024-04-10
1173,HRL,2024041005001831,36,56,200.00,623.00,"124,600.00",2024-04-10
1174,HRL,2024041005001832,36,7,10.00,623.00,"6,230.00",2024-04-10
1175,HRL,2024041005001833,36,57,10.00,623.00,"6,230.00",2024-04-10
1176,HRL,2024041005001837,36,54,10.00,623.00,"6,230.00",2024-04-10
1177,HRL,2024041005001838,50,34,10.00,623.90,"6,239.00",2024-04-10
1178,HRL,2024041005001839,50,49,20.00,624.00,"12,480.00",2024-04-10
1179,HRL,2024041005001840,50,39,200.00,624.00,"124,800.00",2024-04-10
1180,HRL,2024041005001841,50,52,20.00,624.00,"12,480.00",2024-04-10
1181,HRL,2024041005001842,50,32,10.00,624.00,"6,240.00",2024-04-10
1182,HRL,2024041005001843,50,72,10.00,624.00,"6,240.00",2024-04-10
1183,HRL,2024041005001844,50,25,20.00,624.00,"12,480.00",2024-04-10
1184,HRL,2024041005001845,50,58,10.00,624.00,"6,240.00",2024-04-10
1185,HRL,2024041005001846,50,56,10.00,624.00,"6,240.00",2024-04-10
1186,HRL,2024041005001847,50,65,189.00,624.00,"117,936.00",2024-04-10
1187,HRL,2024041005001848,36,44,10.00,623.00,"6,230.00",2024-04-10
1188,HRL,2024041005001849,49,65,50.00,624.00,"31,200.00",2024-04-10
1189,HRL,2024041005001850,36,28,30.00,623.00,"18,690.00",2024-04-10
1190,HRL,2024041005001852,36,45,10.00,623.00,"6,230.00",2024-04-10
1191,HRL,2024041005001858,36,10,40.00,623.00,"24,920.00",2024-04-10
1192,HRL,2024041005001860,36,28,30.00,623.00,"18,690.00",2024-04-10
1193,HRL,2024041005001864,36,28,30.00,623.00,"18,690.00",2024-04-10
1194,HRL,2024041005001870,36,58,10.00,623.00,"6,230.00",2024-04-10
1195,HRL,2024041005001890,51,42,10.00,623.90,"6,239.00",2024-04-10
1196,HRL,2024041005001891,51,65,70.00,624.00,"43,680.00",2024-04-10
1197,HRL,2024041005001892,53,57,10.00,623.10,"6,231.00",2024-04-10
1198,HRL,2024041005001909,53,43,20.00,623.10,"12,462.00",2024-04-10
1199,HRL,2024041005001911,53,35,10.00,623.10,"6,231.00",2024-04-10
1200,HRL,2024041005001912,53,17,10.00,623.10,"6,231.00",2024-04-10
1201,HRL,2024041005001916,36,29,30.00,623.00,"18,690.00",2024-04-10
1202,HRL,2024041005001917,36,42,10.00,623.00,"6,230.00",2024-04-10
1203,HRL,2024041005001918,36,52,30.00,623.00,"18,690.00",2024-04-10
1204,HRL,2024041005001924,55,41,10.00,623.10,"6,231.00",2024-04-10
1205,HRL,2024041005001925,55,21,10.00,623.10,"6,231.00",2024-04-10
1206,HRL,2024041005001926,55,58,10.00,623.10,"6,231.00",2024-04-10
1207,HRL,2024041005001929,55,42,20.00,623.10,"12,462.00",2024-04-10
1208,HRL,2024041005001931,42,42,159.00,623.90,"99,200.10",2024-04-10
1209,HRL,2024041005001932,55,33,10.00,623.10,"6,231.00",2024-04-10
1210,HRL,2024041005001933,55,58,10.00,623.10,"6,231.00",2024-04-10
1211,HRL,2024041005001934,55,49,10.00,623.10,"6,231.00",2024-04-10
1212,HRL,2024041005001935,55,55,30.00,623.10,"18,693.00",2024-04-10
1213,HRL,2024041005001937,55,66,10.00,623.10,"6,231.00",2024-04-10
1214,HRL,2024041005001938,55,1,50.00,623.10,"31,155.00",2024-04-10
1215,HRL,2024041005001939,55,55,10.00,623.10,"6,231.00",2024-04-10
1216,HRL,2024041005001940,55,55,30.00,623.10,"18,693.00",2024-04-10
1217,HRL,2024041005001943,55,34,20.00,623.10,"12,462.00",2024-04-10
1218,HRL,2024041005001944,55,57,10.00,623.10,"6,231.00",2024-04-10
1219,HRL,2024041005001945,44,51,10.00,623.50,"6,235.00",2024-04-10
1220,HRL,2024041005001946,44,4,10.00,623.50,"6,235.00",2024-04-10
1221,HRL,2024041005001947,44,55,30.00,623.50,"18,705.00",2024-04-10
1222,HRL,2024041005001952,44,21,10.00,623.50,"6,235.00",2024-04-10
1223,HRL,2024041005001953,44,36,40.00,623.50,"24,940.00",2024-04-10
1224,HRL,2024041005001954,55,36,30.00,623.10,"18,693.00",2024-04-10
1225,HRL,2024041005001955,58,22,10.00,623.20,"6,232.00",2024-04-10
1226,HRL,2024041005001957,58,45,50.00,623.20,"31,160.00",2024-04-10
1227,HRL,2024041005001958,58,52,10.00,623.20,"6,232.00",2024-04-10
1228,HRL,2024041005001959,58,55,10.00,623.20,"6,232.00",2024-04-10
1229,HRL,2024041005001960,58,59,10.00,623.20,"6,232.00",2024-04-10
1230,HRL,2024041005001961,58,58,10.00,623.20,"6,232.00",2024-04-10
1231,HRL,2024041005001962,58,58,20.00,623.20,"12,464.00",2024-04-10
1232,HRL,2024041005001963,58,58,10.00,623.20,"6,232.00",2024-04-10
1233,HRL,2024041005001964,58,18,10.00,623.20,"6,232.00",2024-04-10
1234,HRL,2024041005001965,58,55,30.00,623.20,"18,696.00",2024-04-10
1235,HRL,2024041005001966,58,59,10.00,623.20,"6,232.00",2024-04-10
1236,HRL,2024041005001967,41,38,10.00,623.50,"6,235.00",2024-04-10
1237,HRL,2024041005001968,41,62,100.00,623.80,"62,380.00",2024-04-10
1238,HRL,2024041005001969,41,42,40.00,623.90,"24,956.00",2024-04-10
1239,HRL,2024041005001970,58,83,10.00,623.20,"6,232.00",2024-04-10
1240,HRL,2024041005001975,58,55,30.00,623.20,"18,696.00",2024-04-10
1241,HRL,2024041005001976,69,65,10.00,624.00,"6,240.00",2024-04-10
1242,HRL,2024041005001979,58,55,30.00,623.20,"18,696.00",2024-04-10
1243,HRL,2024041005001980,58,43,10.00,623.20,"6,232.00",2024-04-10
1244,HRL,2024041005001981,58,55,30.00,623.20,"18,696.00",2024-04-10
1245,HRL,2024041005001982,58,10,30.00,623.20,"18,696.00",2024-04-10
1246,HRL,2024041005001983,58,49,10.00,623.20,"6,232.00",2024-04-10
1247,HRL,2024041005001987,58,55,30.00,623.20,"18,696.00",2024-04-10
1248,HRL,2024041005001988,58,57,140.00,623.20,"87,248.00",2024-04-10
1249,HRL,2024041005001989,55,57,30.00,623.10,"18,693.00",2024-04-10
1250,HRL,2024041005001990,36,57,530.00,623.00,"330,190.00",2024-04-10
1251,HRL,2024041005001998,36,48,10.00,623.00,"6,230.00",2024-04-10
1252,HRL,2024041005001999,36,55,30.00,623.00,"18,690.00",2024-04-10
1253,HRL,2024041005002000,36,42,50.00,623.00,"31,150.00",2024-04-10
1254,HRL,2024041005002001,36,14,200.00,623.00,"124,600.00",2024-04-10
1255,HRL,2024041005002003,36,16,20.00,623.00,"12,460.00",2024-04-10
1256,HRL,2024041005002004,39,16,10.00,623.00,"6,230.00",2024-04-10
1257,HRL,2024041005002005,39,55,30.00,623.00,"18,690.00",2024-04-10
1258,HRL,2024041005002006,39,42,160.00,623.00,"99,680.00",2024-04-10
1259,HRL,2024041005002008,47,16,30.00,621.10,"18,633.00",2024-04-10
1260,HRL,2024041005002011,47,33,270.00,621.10,"167,697.00",2024-04-10
1261,HRL,2024041005002013,36,56,10.00,621.00,"6,210.00",2024-04-10
1262,HRL,2024041005002014,36,58,100.00,621.00,"62,100.00",2024-04-10
1263,HRL,2024041005002016,36,10,30.00,621.00,"18,630.00",2024-04-10
1264,HRL,2024041005002017,36,34,10.00,621.00,"6,210.00",2024-04-10
1265,HRL,2024041005002018,36,34,60.00,621.00,"37,260.00",2024-04-10
1266,HRL,2024041005002019,25,34,100.00,621.00,"62,100.00",2024-04-10
1267,HRL,2024041005002020,39,10,30.00,620.90,"18,627.00",2024-04-10
1268,HRL,2024041005002022,39,42,10.00,620.90,"6,209.00",2024-04-10
1269,HRL,2024041005002024,39,38,10.00,620.90,"6,209.00",2024-04-10
1270,HRL,2024041005002025,39,55,10.00,620.90,"6,209.00",2024-04-10
1271,HRL,2024041005002026,39,38,10.00,620.90,"6,209.00",2024-04-10
1272,HRL,2024041005002027,39,52,10.00,620.90,"6,209.00",2024-04-10
1273,HRL,2024041005002028,39,38,10.00,620.90,"6,209.00",2024-04-10
1274,HRL,2024041005002029,39,58,10.00,620.90,"6,209.00",2024-04-10
1275,HRL,2024041005002030,39,38,10.00,620.90,"6,209.00",2024-04-10
1276,HRL,2024041005002031,39,42,10.00,620.90,"6,209.00",2024-04-10
1277,HRL,2024041005002032,39,38,10.00,620.90,"6,209.00",2024-04-10
1278,HRL,2024041005002033,39,26,30.00,620.90,"18,627.00",2024-04-10
1279,HRL,2024041005002034,39,55,10.00,620.90,"6,209.00",2024-04-10
1280,HRL,2024041005002038,66,34,120.00,621.00,"74,520.00",2024-04-10
1281,HRL,2024041005002039,39,49,10.00,620.90,"6,209.00",2024-04-10
1282,HRL,2024041005002041,39,41,20.00,620.90,"12,418.00",2024-04-10
1283,HRL,2024041005002042,35,34,20.00,621.00,"12,420.00",2024-04-10
1284,HRL,2024041005002043,35,57,10.00,621.00,"6,210.00",2024-04-10
1285,HRL,2024041005002044,35,55,10.00,621.00,"6,210.00",2024-04-10
1286,HRL,2024041005002045,35,29,20.00,621.00,"12,420.00",2024-04-10
1287,HRL,2024041005002046,35,34,40.00,621.00,"24,840.00",2024-04-10
1288,HRL,2024041005002047,35,42,20.00,621.00,"12,420.00",2024-04-10
1289,HRL,2024041005002048,35,36,10.00,621.00,"6,210.00",2024-04-10
1290,HRL,2024041005002049,35,35,20.00,621.00,"12,420.00",2024-04-10
1291,HRL,2024041005002050,35,26,30.00,621.00,"18,630.00",2024-04-10
1292,HRL,2024041005002052,35,44,20.00,621.00,"12,420.00",2024-04-10
1293,HRL,2024041005002053,35,94,10.00,621.00,"6,210.00",2024-04-10
1294,HRL,2024041005002055,35,38,10.00,621.00,"6,210.00",2024-04-10
1295,HRL,2024041005002056,35,49,30.00,621.00,"18,630.00",2024-04-10
1296,HRL,2024041005002057,35,58,30.00,621.00,"18,630.00",2024-04-10
1297,HRL,2024041005002060,35,58,10.00,621.00,"6,210.00",2024-04-10
1298,HRL,2024041005002061,35,41,20.00,621.00,"12,420.00",2024-04-10
1299,HRL,2024041005002062,35,20,10.00,621.00,"6,210.00",2024-04-10
1300,HRL,2024041005002063,35,26,30.00,621.00,"18,630.00",2024-04-10
1301,HRL,2024041005002065,35,59,10.00,621.00,"6,210.00",2024-04-10
1302,HRL,2024041005002066,35,58,40.00,621.00,"24,840.00",2024-04-10
1303,HRL,2024041005002067,35,26,20.00,621.00,"12,420.00",2024-04-10
1304,HRL,2024041005002071,35,26,10.00,621.00,"6,210.00",2024-04-10
1305,HRL,2024041005002073,35,35,10.00,621.00,"6,210.00",2024-04-10
1306,HRL,2024041005002074,35,49,10.00,621.00,"6,210.00",2024-04-10
1307,HRL,2024041005002075,35,58,10.00,621.00,"6,210.00",2024-04-10
1308,HRL,2024041005002076,35,41,20.00,621.00,"12,420.00",2024-04-10
1309,HRL,2024041005002080,35,51,10.00,621.00,"6,210.00",2024-04-10
1310,HRL,2024041005002082,35,58,10.00,621.00,"6,210.00",2024-04-10
1311,HRL,2024041005002083,42,45,10.00,621.00,"6,210.00",2024-04-10
1312,HRL,2024041005002084,34,17,10.00,622.00,"6,220.00",2024-04-10
1313,HRL,2024041005002087,39,7,10.00,620.60,"6,206.00",2024-04-10
1314,HRL,2024041005002088,34,7,20.00,620.50,"12,410.00",2024-04-10
1315,HRL,2024041005002093,34,10,20.00,620.50,"12,410.00",2024-04-10
1316,HRL,2024041005002096,34,49,10.00,620.50,"6,205.00",2024-04-10
1317,HRL,2024041005002097,34,58,10.00,620.50,"6,205.00",2024-04-10
1318,HRL,2024041005002107,34,35,20.00,620.50,"12,410.00",2024-04-10
1319,HRL,2024041005002108,34,49,10.00,620.50,"6,205.00",2024-04-10
1320,HRL,2024041005002109,34,45,10.00,620.50,"6,205.00",2024-04-10
1321,HRL,2024041005002114,53,55,30.00,620.20,"18,606.00",2024-04-10
1322,HRL,2024041005002115,53,21,20.00,620.20,"12,404.00",2024-04-10
1323,HRL,2024041005002119,59,55,10.00,620.10,"6,201.00",2024-04-10
1324,HRL,2024041005002123,59,51,10.00,620.10,"6,201.00",2024-04-10
1325,HRL,2024041005002124,59,58,20.00,620.10,"12,402.00",2024-04-10
1326,HRL,2024041005002125,59,42,20.00,620.10,"12,402.00",2024-04-10
1327,HRL,2024041005002130,59,49,30.00,620.10,"18,603.00",2024-04-10
1328,HRL,2024041005002131,59,35,10.00,620.10,"6,201.00",2024-04-10
1329,HRL,2024041005002133,59,41,30.00,620.10,"18,603.00",2024-04-10
1330,HRL,2024041005002134,17,45,20.00,620.10,"12,402.00",2024-04-10
1331,HRL,2024041005002135,19,49,10.00,620.20,"6,202.00",2024-04-10
1332,HRL,2024041005002137,19,10,20.00,620.20,"12,404.00",2024-04-10
1333,HRL,2024041005002139,19,26,20.00,620.20,"12,404.00",2024-04-10
1334,HRL,2024041005002142,42,57,10.00,620.30,"6,203.00",2024-04-10
1335,HRL,2024041005002144,42,26,20.00,620.30,"12,406.00",2024-04-10
1336,HRL,2024041005002149,42,43,20.00,620.30,"12,406.00",2024-04-10
1337,HRL,2024041005002150,54,7,10.00,620.50,"6,205.00",2024-04-10
1338,HRL,2024041005002151,54,34,10.00,620.50,"6,205.00",2024-04-10
1339,HRL,2024041005002156,54,57,10.00,620.50,"6,205.00",2024-04-10
1340,HRL,2024041005002158,54,42,10.00,620.50,"6,205.00",2024-04-10
1341,HRL,2024041005002159,17,49,10.00,620.60,"6,206.00",2024-04-10
1342,HRL,2024041005002160,35,58,10.00,621.00,"6,210.00",2024-04-10
1343,HRL,2024041005002161,35,28,10.00,621.00,"6,210.00",2024-04-10
1344,HRL,2024041005002162,35,58,10.00,621.00,"6,210.00",2024-04-10
1345,HRL,2024041005002163,35,3,10.00,621.00,"6,210.00",2024-04-10
1346,HRL,2024041005002164,35,48,10.00,621.00,"6,210.00",2024-04-10
1347,HRL,2024041005002165,35,51,10.00,621.00,"6,210.00",2024-04-10
1348,HRL,2024041005002166,35,38,400.00,621.00,"248,400.00",2024-04-10
1349,HRL,2024041005002167,35,44,10.00,621.00,"6,210.00",2024-04-10
1350,HRL,2024041005002168,35,55,10.00,621.00,"6,210.00",2024-04-10
1351,HRL,2024041005002169,35,42,10.00,621.00,"6,210.00",2024-04-10
1352,HRL,2024041005002170,35,11,10.00,621.00,"6,210.00",2024-04-10
1353,HRL,2024041005002172,43,21,20.00,621.10,"12,422.00",2024-04-10
1354,HRL,2024041005002173,43,26,10.00,621.10,"6,211.00",2024-04-10
1355,HRL,2024041005002174,43,14,10.00,621.10,"6,211.00",2024-04-10
1356,HRL,2024041005002175,43,26,10.00,621.10,"6,211.00",2024-04-10
1357,HRL,2024041005002177,43,42,20.00,621.10,"12,422.00",2024-04-10
1358,HRL,2024041005002183,43,58,20.00,621.10,"12,422.00",2024-04-10
1359,HRL,2024041005002184,43,41,10.00,621.10,"6,211.00",2024-04-10
1360,HRL,2024041005002185,35,26,20.00,621.00,"12,420.00",2024-04-10
1361,HRL,2024041005002191,91,16,20.00,621.10,"12,422.00",2024-04-10
1362,HRL,2024041005002192,91,4,20.00,621.10,"12,422.00",2024-04-10
1363,HRL,2024041005002193,91,26,10.00,621.10,"6,211.00",2024-04-10
1364,HRL,2024041005002194,35,26,10.00,621.00,"6,210.00",2024-04-10
1365,HRL,2024041005002198,29,58,10.00,621.10,"6,211.00",2024-04-10
1366,HRL,2024041005002203,6,45,10.00,622.00,"6,220.00",2024-04-10
1367,HRL,2024041005002204,29,26,20.00,621.10,"12,422.00",2024-04-10
1368,HRL,2024041005002210,45,58,10.00,621.50,"6,215.00",2024-04-10
1369,HRL,2024041005002211,45,17,30.00,622.00,"18,660.00",2024-04-10
1370,HRL,2024041005002212,45,20,10.00,622.00,"6,220.00",2024-04-10
1371,HRL,2024041005002213,45,4,10.00,622.00,"6,220.00",2024-04-10
1372,HRL,2024041005002214,45,47,40.00,622.00,"24,880.00",2024-04-10
1373,HRL,2024041005002215,29,42,10.00,621.10,"6,211.00",2024-04-10
1374,HRL,2024041005002216,29,7,14.00,621.10,"8,695.40",2024-04-10
1375,HRL,2024041005002217,35,7,16.00,621.00,"9,936.00",2024-04-10
1376,HRL,2024041005002218,55,47,50.00,622.00,"31,100.00",2024-04-10
1377,HRL,2024041005002220,53,49,20.00,621.10,"12,422.00",2024-04-10
1378,HRL,2024041005002221,53,38,10.00,621.10,"6,211.00",2024-04-10
1379,HRL,2024041005002222,53,6,10.00,621.10,"6,211.00",2024-04-10
1380,HRL,2024041005002223,53,28,10.00,621.10,"6,211.00",2024-04-10
1381,HRL,2024041005002225,35,38,10.00,621.00,"6,210.00",2024-04-10
1382,HRL,2024041005002226,35,26,20.00,621.00,"12,420.00",2024-04-10
1383,HRL,2024041005002227,35,62,10.00,621.00,"6,210.00",2024-04-10
1384,HRL,2024041005002229,17,47,100.00,622.00,"62,200.00",2024-04-10
1385,HRL,2024041005002230,17,29,160.00,622.00,"99,520.00",2024-04-10
1386,HRL,2024041005002231,17,4,10.00,622.00,"6,220.00",2024-04-10
1387,HRL,2024041005002232,17,45,20.00,622.00,"12,440.00",2024-04-10
1388,HRL,2024041005002233,17,58,190.00,622.00,"118,180.00",2024-04-10
1389,HRL,2024041005002240,35,5,10.00,621.00,"6,210.00",2024-04-10
1390,HRL,2024041005002241,35,25,10.00,621.00,"6,210.00",2024-04-10
1391,HRL,2024041005002242,17,6,10.00,621.10,"6,211.00",2024-04-10
1392,HRL,2024041005002243,17,42,10.00,621.10,"6,211.00",2024-04-10
1393,HRL,2024041005002244,17,25,124.00,621.10,"77,016.40",2024-04-10
1394,HRL,2024041005002245,17,38,10.00,621.10,"6,211.00",2024-04-10
1395,HRL,2024041005002249,17,34,10.00,621.10,"6,211.00",2024-04-10
1396,HRL,2024041005002250,17,28,10.00,621.10,"6,211.00",2024-04-10
1397,HRL,2024041005002251,35,38,10.00,621.20,"6,212.00",2024-04-10
1398,HRL,2024041005002252,35,4,20.00,621.20,"12,424.00",2024-04-10
1399,HRL,2024041005002256,35,58,30.00,621.20,"18,636.00",2024-04-10
1400,HRL,2024041005002257,35,55,10.00,621.20,"6,212.00",2024-04-10
1401,HRL,2024041005002258,35,38,10.00,621.20,"6,212.00",2024-04-10
1402,HRL,2024041005002262,35,32,30.00,621.20,"18,636.00",2024-04-10
1403,HRL,2024041005002265,35,8,30.00,621.20,"18,636.00",2024-04-10
1404,HRL,2024041005002266,35,41,20.00,621.20,"12,424.00",2024-04-10
1405,HRL,2024041005002268,35,57,10.00,621.20,"6,212.00",2024-04-10
1406,HRL,2024041005002276,35,44,10.00,621.20,"6,212.00",2024-04-10
1407,HRL,2024041005002278,35,38,10.00,621.20,"6,212.00",2024-04-10
1408,HRL,2024041005002279,35,87,10.00,621.20,"6,212.00",2024-04-10
1409,HRL,2024041005002288,35,39,10.00,621.20,"6,212.00",2024-04-10
1410,HRL,2024041005002290,35,5,10.00,621.20,"6,212.00",2024-04-10
1411,HRL,2024041005002291,35,38,10.00,621.20,"6,212.00",2024-04-10
1412,HRL,2024041005002293,35,52,20.00,621.20,"12,424.00",2024-04-10
1413,HRL,2024041005002294,35,49,10.00,621.20,"6,212.00",2024-04-10
1414,HRL,2024041005002295,35,43,50.00,621.20,"31,060.00",2024-04-10
1415,HRL,2024041005002296,35,41,30.00,621.20,"18,636.00",2024-04-10
1416,HRL,2024041005002297,35,38,10.00,621.20,"6,212.00",2024-04-10
1417,HRL,2024041005002299,35,56,10.00,621.20,"6,212.00",2024-04-10
1418,HRL,2024041005002300,35,42,10.00,621.20,"6,212.00",2024-04-10
1419,HRL,2024041005002301,35,58,20.00,621.20,"12,424.00",2024-04-10
1420,HRL,2024041005002303,35,38,10.00,621.20,"6,212.00",2024-04-10
1421,HRL,2024041005002304,35,42,10.00,621.20,"6,212.00",2024-04-10
1422,HRL,2024041005002308,56,50,20.00,621.50,"12,430.00",2024-04-10
1423,HRL,2024041005002309,56,35,10.00,621.50,"6,215.00",2024-04-10
1424,HRL,2024041005002310,56,38,10.00,621.50,"6,215.00",2024-04-10
1425,HRL,2024041005002313,35,59,10.00,621.20,"6,212.00",2024-04-10
1426,HRL,2024041005002314,35,32,30.00,621.20,"18,636.00",2024-04-10
1427,HRL,2024041005002315,35,38,50.00,621.20,"31,060.00",2024-04-10
1428,HRL,2024041005002318,17,13,10.00,621.10,"6,211.00",2024-04-10
1429,HRL,2024041005002320,17,18,20.00,621.10,"12,422.00",2024-04-10
1430,HRL,2024041005002322,17,38,10.00,621.10,"6,211.00",2024-04-10
1431,HRL,2024041005002323,17,20,10.00,621.10,"6,211.00",2024-04-10
1432,HRL,2024041005002325,17,7,10.00,621.10,"6,211.00",2024-04-10
1433,HRL,2024041005002326,17,32,30.00,621.10,"18,633.00",2024-04-10
1434,HRL,2024041005002327,17,65,10.00,621.10,"6,211.00",2024-04-10
1435,HRL,2024041005002328,17,58,20.00,621.10,"12,422.00",2024-04-10
1436,HRL,2024041005002331,17,58,10.00,621.10,"6,211.00",2024-04-10
1437,HRL,2024041005002332,17,14,20.00,621.10,"12,422.00",2024-04-10
1438,HRL,2024041005002333,17,49,30.00,621.10,"18,633.00",2024-04-10
1439,HRL,2024041005002334,17,38,10.00,621.10,"6,211.00",2024-04-10
1440,HRL,2024041005002335,17,55,10.00,621.10,"6,211.00",2024-04-10
1441,HRL,2024041005002336,17,53,10.00,621.10,"6,211.00",2024-04-10
1442,HRL,2024041005002337,17,38,10.00,621.10,"6,211.00",2024-04-10
1443,HRL,2024041005002338,14,58,20.00,621.20,"12,424.00",2024-04-10
1444,HRL,2024041005002339,14,32,30.00,621.20,"18,636.00",2024-04-10
1445,HRL,2024041005002340,17,49,10.00,621.10,"6,211.00",2024-04-10
1446,HRL,2024041005002342,17,38,10.00,621.10,"6,211.00",2024-04-10
1447,HRL,2024041005002343,17,35,66.00,621.10,"40,992.60",2024-04-10
1448,HRL,2024041005002344,35,35,134.00,621.00,"83,214.00",2024-04-10
1449,HRL,2024041005002345,35,26,20.00,621.00,"12,420.00",2024-04-10
1450,HRL,2024041005002351,35,38,10.00,621.00,"6,210.00",2024-04-10
1451,HRL,2024041005002354,35,56,140.00,621.00,"86,940.00",2024-04-10
1452,HRL,2024041005002356,35,57,90.00,621.00,"55,890.00",2024-04-10
1453,HRL,2024041005002357,29,57,10.00,621.00,"6,210.00",2024-04-10
1454,HRL,2024041005002358,29,56,10.00,621.00,"6,210.00",2024-04-10
1455,HRL,2024041005002359,29,41,30.00,621.00,"18,630.00",2024-04-10
1456,HRL,2024041005002362,29,41,10.00,621.00,"6,210.00",2024-04-10
1457,HRL,2024041005002363,29,41,30.00,621.00,"18,630.00",2024-04-10
1458,HRL,2024041005002365,29,58,10.00,621.00,"6,210.00",2024-04-10
1459,HRL,2024041005002366,28,48,10.00,621.00,"6,210.00",2024-04-10
1460,HRL,2024041005002367,28,38,20.00,621.00,"12,420.00",2024-04-10
1461,HRL,2024041005002370,28,53,10.00,621.00,"6,210.00",2024-04-10
1462,HRL,2024041005002371,28,45,10.00,621.00,"6,210.00",2024-04-10
1463,HRL,2024041005002372,28,75,10.00,621.00,"6,210.00",2024-04-10
1464,HRL,2024041005002373,28,38,10.00,621.00,"6,210.00",2024-04-10
1465,HRL,2024041005002374,28,32,10.00,621.00,"6,210.00",2024-04-10
1466,HRL,2024041005002375,14,32,20.00,620.90,"12,418.00",2024-04-10
1467,HRL,2024041005002376,49,32,20.00,621.00,"12,420.00",2024-04-10
1468,HRL,2024041005002377,49,58,10.00,621.00,"6,210.00",2024-04-10
1469,HRL,2024041005002379,49,7,30.00,621.00,"18,630.00",2024-04-10
1470,HRL,2024041005002380,49,49,10.00,621.00,"6,210.00",2024-04-10
1471,HRL,2024041005002382,49,38,20.00,621.00,"12,420.00",2024-04-10
1472,HRL,2024041005002391,49,52,410.00,621.00,"254,610.00",2024-04-10
1473,HRL,2024041005002392,17,35,10.00,620.80,"6,208.00",2024-04-10
1474,HRL,2024041005002395,17,72,10.00,620.80,"6,208.00",2024-04-10
1475,HRL,2024041005002397,17,38,10.00,620.80,"6,208.00",2024-04-10
1476,HRL,2024041005002405,17,26,20.00,620.80,"12,416.00",2024-04-10
1477,HRL,2024041005002409,17,28,10.00,620.80,"6,208.00",2024-04-10
1478,HRL,2024041005002410,91,52,60.00,621.00,"37,260.00",2024-04-10
1479,HRL,2024041005002414,17,32,30.00,620.80,"18,624.00",2024-04-10
1480,HRL,2024041005002415,17,21,20.00,620.80,"12,416.00",2024-04-10
1481,HRL,2024041005002416,17,58,10.00,620.80,"6,208.00",2024-04-10
1482,HRL,2024041005002421,17,55,10.00,620.80,"6,208.00",2024-04-10
1483,HRL,2024041005002428,17,41,30.00,620.80,"18,624.00",2024-04-10
1484,HRL,2024041005002430,20,52,30.00,621.00,"18,630.00",2024-04-10
1485,HRL,2024041005002431,20,45,20.00,621.00,"12,420.00",2024-04-10
1486,HRL,2024041005002432,20,50,10.00,621.00,"6,210.00",2024-04-10
1487,HRL,2024041005002433,20,58,10.00,621.00,"6,210.00",2024-04-10
1488,HRL,2024041005002434,20,94,10.00,621.00,"6,210.00",2024-04-10
1489,HRL,2024041005002435,20,11,30.00,621.10,"18,633.00",2024-04-10
1490,HRL,2024041005002436,20,41,30.00,622.00,"18,660.00",2024-04-10
1491,HRL,2024041005002437,20,4,10.00,622.00,"6,220.00",2024-04-10
