SN,Symbol,Transaction No.,Buyer Broker,Seller Broker,Share Quantity,Rate(Rs),Amount(Rs),Traded Date
1,HRL,2024032105000001,13,81,20.00,614.10,"12,282.00",2024-03-22
2,HRL,2024032105000002,48,81,200.00,614.10,"122,820.00",2024-03-22
3,HRL,2024032105000004,57,1,20.00,609.00,"12,180.00",2024-03-22
4,HRL,2024032105000006,16,84,10.00,610.00,"6,100.00",2024-03-22
5,HRL,2024032105000007,50,81,780.00,613.00,"478,140.00",2024-03-22
6,HRL,2024032105000008,57,81,100.00,610.10,"61,010.00",2024-03-22
7,HRL,2024032105000009,16,81,40.00,610.00,"24,400.00",2024-03-22
8,HRL,2024032105000010,1,81,360.00,610.00,"219,600.00",2024-03-22
9,HRL,2024032105000013,1,58,10.00,610.00,"6,100.00",2024-03-22
10,HRL,2024032105000014,1,49,10.00,610.00,"6,100.00",2024-03-22
11,HRL,2024032105000016,57,81,100.00,610.10,"61,010.00",2024-03-22
12,HRL,2024032105000017,1,81,120.00,610.00,"73,200.00",2024-03-22
13,HRL,2024032105000018,8,81,10.00,610.00,"6,100.00",2024-03-22
14,HRL,2024032105000019,32,81,70.00,610.00,"42,700.00",2024-03-22
15,HRL,2024032105000020,58,34,10.00,610.10,"6,101.00",2024-03-22
16,HRL,2024032105000021,32,34,10.00,610.00,"6,100.00",2024-03-22
17,HRL,2024032105000024,39,35,20.00,611.00,"12,220.00",2024-03-22
18,HRL,2024032105000025,55,40,10.00,613.90,"6,139.00",2024-03-22
19,HRL,2024032105000026,55,34,10.00,614.00,"6,140.00",2024-03-22
20,HRL,2024032105000027,55,52,80.00,614.00,"49,120.00",2024-03-22
21,HRL,2024032105000028,39,6,10.00,611.00,"6,110.00",2024-03-22
22,HRL,2024032105000029,10,6,10.00,611.00,"6,110.00",2024-03-22
23,HRL,2024032105000031,55,58,10.00,611.00,"6,110.00",2024-03-22
24,HRL,2024032105000033,57,81,10.00,611.00,"6,110.00",2024-03-22
25,HRL,2024032105000034,21,81,200.00,610.20,"122,040.00",2024-03-22
26,HRL,2024032105000035,42,81,10.00,610.10,"6,101.00",2024-03-22
27,HRL,2024032105000036,58,81,60.00,610.10,"36,606.00",2024-03-22
28,HRL,2024032105000037,56,81,60.00,610.10,"36,606.00",2024-03-22
29,HRL,2024032105000038,50,81,30.00,610.00,"18,300.00",2024-03-22
30,HRL,2024032105000039,33,81,130.00,610.00,"79,300.00",2024-03-22
31,HRL,2024032105000040,59,35,10.00,611.00,"6,110.00",2024-03-22
32,HRL,2024032105000041,59,41,10.00,611.00,"6,110.00",2024-03-22
33,HRL,2024032105000043,59,58,10.00,611.00,"6,110.00",2024-03-22
34,HRL,2024032105000044,59,51,20.00,611.00,"12,220.00",2024-03-22
35,HRL,2024032105000045,21,41,12.00,612.00,"7,344.00",2024-03-22
36,HRL,2024032105000047,55,11,10.00,612.00,"6,120.00",2024-03-22
37,HRL,2024032105000053,34,6,12.00,612.00,"7,344.00",2024-03-22
38,HRL,2024032105000054,1,40,10.00,613.80,"6,138.00",2024-03-22
39,HRL,2024032105000058,52,49,10.00,613.90,"6,139.00",2024-03-22
40,HRL,2024032105000059,52,52,110.00,614.00,"67,540.00",2024-03-22
41,HRL,2024032105000060,1,35,10.00,612.00,"6,120.00",2024-03-22
42,HRL,2024032105000064,1,6,20.00,612.00,"12,240.00",2024-03-22
43,HRL,2024032105000070,59,52,100.00,614.00,"61,400.00",2024-03-22
44,HRL,2024032105000071,54,77,10.00,612.20,"6,122.00",2024-03-22
45,HRL,2024032105000073,45,6,10.00,613.00,"6,130.00",2024-03-22
46,HRL,2024032105000074,58,52,100.00,614.00,"61,400.00",2024-03-22
47,HRL,2024032105000077,45,8,10.00,613.00,"6,130.00",2024-03-22
48,HRL,2024032105000081,45,1,10.00,613.00,"6,130.00",2024-03-22
49,HRL,2024032105000082,45,6,20.00,613.00,"12,260.00",2024-03-22
50,HRL,2024032105000083,45,86,150.00,613.00,"91,950.00",2024-03-22
51,HRL,2024032105000084,55,86,30.00,613.00,"18,390.00",2024-03-22
52,HRL,2024032105000086,45,86,300.00,613.00,"183,900.00",2024-03-22
53,HRL,2024032105000087,1,38,20.00,612.30,"12,246.00",2024-03-22
54,HRL,2024032105000092,54,91,10.00,612.50,"6,125.00",2024-03-22
55,HRL,2024032105000094,1,86,20.00,613.00,"12,260.00",2024-03-22
56,HRL,2024032105000095,1,58,20.00,613.00,"12,260.00",2024-03-22
57,HRL,2024032105000102,42,52,30.00,614.00,"18,420.00",2024-03-22
58,HRL,2024032105000103,4,52,570.00,614.00,"349,980.00",2024-03-22
59,HRL,2024032105000104,4,35,10.00,614.00,"6,140.00",2024-03-22
60,HRL,2024032105000105,4,43,10.00,614.00,"6,140.00",2024-03-22
61,HRL,2024032105000107,13,35,10.00,615.00,"6,150.00",2024-03-22
62,HRL,2024032105000108,13,55,10.00,615.00,"6,150.00",2024-03-22
63,HRL,2024032105000109,13,77,10.00,615.00,"6,150.00",2024-03-22
64,HRL,2024032105000110,13,4,10.00,615.00,"6,150.00",2024-03-22
65,HRL,2024032105000111,13,52,60.00,615.00,"36,900.00",2024-03-22
66,HRL,2024032105000112,22,52,10.00,615.00,"6,150.00",2024-03-22
67,HRL,2024032105000114,33,52,10.00,615.00,"6,150.00",2024-03-22
68,HRL,2024032105000115,33,51,12.00,615.00,"7,380.00",2024-03-22
69,HRL,2024032105000116,54,48,10.00,614.50,"6,145.00",2024-03-22
70,HRL,2024032105000118,48,54,10.00,615.00,"6,150.00",2024-03-22
71,HRL,2024032105000121,74,40,20.00,615.90,"12,318.00",2024-03-22
72,HRL,2024032105000122,74,41,10.00,615.90,"6,159.00",2024-03-22
73,HRL,2024032105000126,14,22,10.00,616.00,"6,160.00",2024-03-22
74,HRL,2024032105000127,14,54,10.00,616.00,"6,160.00",2024-03-22
75,HRL,2024032105000128,14,32,10.00,616.00,"6,160.00",2024-03-22
76,HRL,2024032105000129,14,49,10.00,616.00,"6,160.00",2024-03-22
77,HRL,2024032105000133,14,16,10.00,616.00,"6,160.00",2024-03-22
78,HRL,2024032105000134,74,52,70.00,616.00,"43,120.00",2024-03-22
79,HRL,2024032105000135,48,52,90.00,616.00,"55,440.00",2024-03-22
80,HRL,2024032105000136,55,52,20.00,615.00,"12,300.00",2024-03-22
81,HRL,2024032105000137,38,52,100.00,615.00,"61,500.00",2024-03-22
82,HRL,2024032105000138,55,52,"3,890.00",615.00,"2,392,350.00",2024-03-22
83,HRL,2024032105000140,45,58,20.00,616.00,"12,320.00",2024-03-22
84,HRL,2024032105000141,45,54,10.00,617.00,"6,170.00",2024-03-22
85,HRL,2024032105000143,42,56,10.00,618.00,"6,180.00",2024-03-22
86,HRL,2024032105000144,42,59,100.00,618.00,"61,800.00",2024-03-22
87,HRL,2024032105000145,42,58,10.00,618.00,"6,180.00",2024-03-22
88,HRL,2024032105000146,42,81,410.00,618.00,"253,380.00",2024-03-22
89,HRL,2024032105000147,45,16,10.00,617.00,"6,170.00",2024-03-22
90,HRL,2024032105000153,58,29,40.00,618.00,"24,720.00",2024-03-22
91,HRL,2024032105000156,58,3,10.00,618.00,"6,180.00",2024-03-22
92,HRL,2024032105000157,58,35,10.00,618.00,"6,180.00",2024-03-22
93,HRL,2024032105000158,58,36,10.00,618.00,"6,180.00",2024-03-22
94,HRL,2024032105000159,58,32,100.00,618.00,"61,800.00",2024-03-22
95,HRL,2024032105000160,58,6,20.00,618.00,"12,360.00",2024-03-22
96,HRL,2024032105000161,58,83,110.00,618.00,"67,980.00",2024-03-22
97,HRL,2024032105000162,45,59,200.00,617.00,"123,400.00",2024-03-22
98,HRL,2024032105000163,45,34,10.00,617.00,"6,170.00",2024-03-22
99,HRL,2024032105000166,45,40,250.00,617.00,"154,250.00",2024-03-22
100,HRL,2024032105000170,21,44,10.00,616.00,"6,160.00",2024-03-22
101,HRL,2024032105000171,55,44,10.00,615.00,"6,150.00",2024-03-22
102,HRL,2024032105000173,55,83,"1,000.00",615.00,"615,000.00",2024-03-22
103,HRL,2024032105000178,14,35,10.00,616.00,"6,160.00",2024-03-22
104,HRL,2024032105000179,14,48,40.00,616.00,"24,640.00",2024-03-22
105,HRL,2024032105000181,55,83,100.00,615.00,"61,500.00",2024-03-22
106,HRL,2024032105000182,26,83,10.00,615.00,"6,150.00",2024-03-22
107,HRL,2024032105000183,35,83,100.00,615.00,"61,500.00",2024-03-22
108,HRL,2024032105000184,54,83,90.00,614.50,"55,305.00",2024-03-22
109,HRL,2024032105000189,58,35,20.00,615.00,"12,300.00",2024-03-22
110,HRL,2024032105000190,58,39,20.00,615.00,"12,300.00",2024-03-22
111,HRL,2024032105000191,58,58,10.00,615.00,"6,150.00",2024-03-22
112,HRL,2024032105000192,58,58,10.00,615.00,"6,150.00",2024-03-22
113,HRL,2024032105000194,58,48,16.00,615.00,"9,840.00",2024-03-22
114,HRL,2024032105000197,58,58,10.00,615.00,"6,150.00",2024-03-22
115,HRL,2024032105000199,38,14,10.00,615.00,"6,150.00",2024-03-22
116,HRL,2024032105000204,38,69,10.00,615.00,"6,150.00",2024-03-22
117,HRL,2024032105000205,38,69,10.00,615.00,"6,150.00",2024-03-22
118,HRL,2024032105000206,54,48,20.00,614.50,"12,290.00",2024-03-22
119,HRL,2024032105000209,54,48,20.00,614.50,"12,290.00",2024-03-22
120,HRL,2024032105000211,4,41,10.00,614.00,"6,140.00",2024-03-22
121,HRL,2024032105000213,4,48,10.00,614.00,"6,140.00",2024-03-22
122,HRL,2024032105000214,4,56,10.00,614.00,"6,140.00",2024-03-22
123,HRL,2024032105000215,4,56,10.00,614.00,"6,140.00",2024-03-22
124,HRL,2024032105000217,4,49,198.00,614.00,"121,572.00",2024-03-22
125,HRL,2024032105000218,4,83,172.00,614.00,"105,608.00",2024-03-22
126,HRL,2024032105000219,16,83,100.00,614.00,"61,400.00",2024-03-22
127,HRL,2024032105000220,21,83,200.00,614.00,"122,800.00",2024-03-22
128,HRL,2024032105000221,54,83,50.00,614.00,"30,700.00",2024-03-22
129,HRL,2024032105000222,34,83,20.00,613.20,"12,264.00",2024-03-22
130,HRL,2024032105000223,21,83,200.00,613.10,"122,620.00",2024-03-22
131,HRL,2024032105000224,1,83,160.00,613.00,"98,080.00",2024-03-22
132,HRL,2024032105000225,49,83,50.00,612.50,"30,625.00",2024-03-22
133,HRL,2024032105000226,44,83,48.00,612.50,"29,400.00",2024-03-22
134,HRL,2024032105000232,44,34,10.00,612.50,"6,125.00",2024-03-22
135,HRL,2024032105000233,44,83,42.00,612.50,"25,725.00",2024-03-22
136,HRL,2024032105000234,1,83,480.00,612.30,"293,904.00",2024-03-22
137,HRL,2024032105000235,1,83,270.00,612.00,"165,240.00",2024-03-22
138,HRL,2024032105000236,48,83,208.00,612.00,"127,296.00",2024-03-22
139,HRL,2024032105000237,48,19,10.00,612.00,"6,120.00",2024-03-22
140,HRL,2024032105000239,48,49,10.00,612.00,"6,120.00",2024-03-22
141,HRL,2024032105000240,48,49,20.00,612.00,"12,240.00",2024-03-22
142,HRL,2024032105000241,17,49,10.00,612.50,"6,125.00",2024-03-22
143,HRL,2024032105000242,17,42,10.00,614.00,"6,140.00",2024-03-22
144,HRL,2024032105000243,17,48,10.00,614.00,"6,140.00",2024-03-22
145,HRL,2024032105000246,48,13,10.00,612.00,"6,120.00",2024-03-22
146,HRL,2024032105000247,48,67,10.00,612.00,"6,120.00",2024-03-22
147,HRL,2024032105000248,48,6,10.00,612.00,"6,120.00",2024-03-22
148,HRL,2024032105000249,48,49,10.00,612.00,"6,120.00",2024-03-22
149,HRL,2024032105000250,48,52,30.00,612.00,"18,360.00",2024-03-22
150,HRL,2024032105000251,48,34,10.00,612.00,"6,120.00",2024-03-22
151,HRL,2024032105000254,48,21,10.00,612.00,"6,120.00",2024-03-22
152,HRL,2024032105000255,48,48,10.00,612.00,"6,120.00",2024-03-22
153,HRL,2024032105000256,48,19,10.00,612.00,"6,120.00",2024-03-22
154,HRL,2024032105000262,10,84,10.00,613.00,"6,130.00",2024-03-22
155,HRL,2024032105000263,10,53,10.00,613.00,"6,130.00",2024-03-22
156,HRL,2024032105000264,48,25,20.00,612.00,"12,240.00",2024-03-22
157,HRL,2024032105000265,48,56,20.00,612.00,"12,240.00",2024-03-22
158,HRL,2024032105000269,4,1,11.00,612.50,"6,737.50",2024-03-22
159,HRL,2024032105000270,48,53,10.00,612.00,"6,120.00",2024-03-22
160,HRL,2024032105000275,48,32,30.00,612.00,"18,360.00",2024-03-22
161,HRL,2024032105000276,48,49,10.00,612.00,"6,120.00",2024-03-22
162,HRL,2024032105000278,48,81,10.00,612.00,"6,120.00",2024-03-22
163,HRL,2024032105000280,48,57,10.00,612.00,"6,120.00",2024-03-22
164,HRL,2024032105000281,48,39,10.00,612.00,"6,120.00",2024-03-22
165,HRL,2024032105000282,48,35,20.00,612.00,"12,240.00",2024-03-22
166,HRL,2024032105000284,34,58,10.00,612.10,"6,121.00",2024-03-22
167,HRL,2024032105000285,34,29,20.00,612.10,"12,242.00",2024-03-22
168,HRL,2024032105000287,51,1,100.00,612.50,"61,250.00",2024-03-22
169,HRL,2024032105000288,55,1,50.00,612.50,"30,625.00",2024-03-22
170,HRL,2024032105000290,34,43,10.00,612.10,"6,121.00",2024-03-22
171,HRL,2024032105000291,34,58,20.00,612.30,"12,246.00",2024-03-22
172,HRL,2024032105000292,34,1,30.00,612.50,"18,375.00",2024-03-22
173,HRL,2024032105000293,50,1,437.00,612.50,"267,662.50",2024-03-22
174,HRL,2024032105000294,50,43,10.00,612.50,"6,125.00",2024-03-22
175,HRL,2024032105000295,50,35,20.00,612.50,"12,250.00",2024-03-22
176,HRL,2024032105000296,50,26,20.00,612.50,"12,250.00",2024-03-22
177,HRL,2024032105000297,50,45,10.00,612.50,"6,125.00",2024-03-22
178,HRL,2024032105000298,50,36,10.00,612.50,"6,125.00",2024-03-22
179,HRL,2024032105000301,50,52,10.00,612.50,"6,125.00",2024-03-22
180,HRL,2024032105000302,45,52,20.00,612.50,"12,250.00",2024-03-22
181,HRL,2024032105000306,74,36,10.00,613.00,"6,130.00",2024-03-22
182,HRL,2024032105000307,74,86,40.00,613.00,"24,520.00",2024-03-22
183,HRL,2024032105000308,45,38,10.00,612.50,"6,125.00",2024-03-22
184,HRL,2024032105000309,45,57,10.00,612.50,"6,125.00",2024-03-22
185,HRL,2024032105000311,45,38,10.00,612.50,"6,125.00",2024-03-22
186,HRL,2024032105000313,42,86,160.00,613.00,"98,080.00",2024-03-22
187,HRL,2024032105000314,42,34,10.00,613.00,"6,130.00",2024-03-22
188,HRL,2024032105000315,42,49,30.00,613.00,"18,390.00",2024-03-22
189,HRL,2024032105000316,42,58,10.00,613.00,"6,130.00",2024-03-22
190,HRL,2024032105000317,42,38,10.00,613.00,"6,130.00",2024-03-22
191,HRL,2024032105000318,42,58,10.00,613.00,"6,130.00",2024-03-22
192,HRL,2024032105000319,42,21,10.00,613.00,"6,130.00",2024-03-22
193,HRL,2024032105000320,42,42,10.00,613.00,"6,130.00",2024-03-22
194,HRL,2024032105000321,42,91,10.00,613.00,"6,130.00",2024-03-22
195,HRL,2024032105000326,42,45,740.00,613.00,"453,620.00",2024-03-22
196,HRL,2024032105000327,34,45,50.00,612.60,"30,630.00",2024-03-22
197,HRL,2024032105000328,45,45,450.00,612.50,"275,625.00",2024-03-22
198,HRL,2024032105000329,55,45,960.00,612.50,"588,000.00",2024-03-22
199,HRL,2024032105000334,55,83,288.00,612.50,"176,400.00",2024-03-22
200,HRL,2024032105000335,42,56,10.00,613.00,"6,130.00",2024-03-22
201,HRL,2024032105000336,42,49,10.00,613.00,"6,130.00",2024-03-22
202,HRL,2024032105000337,42,49,10.00,613.50,"6,135.00",2024-03-22
203,HRL,2024032105000338,55,38,10.00,612.50,"6,125.00",2024-03-22
204,HRL,2024032105000340,58,42,10.00,613.00,"6,130.00",2024-03-22
205,HRL,2024032105000341,58,49,10.00,613.50,"6,135.00",2024-03-22
206,HRL,2024032105000342,55,38,10.00,612.50,"6,125.00",2024-03-22
207,HRL,2024032105000343,55,6,10.00,612.50,"6,125.00",2024-03-22
208,HRL,2024032105000346,59,35,20.00,613.00,"12,260.00",2024-03-22
209,HRL,2024032105000347,59,49,80.00,613.50,"49,080.00",2024-03-22
210,HRL,2024032105000348,55,38,80.00,612.50,"49,000.00",2024-03-22
211,HRL,2024032105000351,55,83,"3,642.00",612.50,"2,230,725.00",2024-03-22
212,HRL,2024032105000352,38,83,10.00,612.20,"6,122.00",2024-03-22
213,HRL,2024032105000353,34,83,10.00,612.10,"6,121.00",2024-03-22
214,HRL,2024032105000354,22,83,10.00,612.10,"6,121.00",2024-03-22
215,HRL,2024032105000355,36,83,500.00,612.10,"306,050.00",2024-03-22
216,HRL,2024032105000356,49,83,10.00,612.00,"6,120.00",2024-03-22
217,HRL,2024032105000357,14,83,80.00,612.00,"48,960.00",2024-03-22
218,HRL,2024032105000358,67,83,10.00,612.00,"6,120.00",2024-03-22
219,HRL,2024032105000359,55,83,"2,728.00",612.00,"1,669,536.00",2024-03-22
220,HRL,2024032105000360,55,83,272.00,612.00,"166,464.00",2024-03-22
221,HRL,2024032105000361,42,83,120.00,612.00,"73,440.00",2024-03-22
222,HRL,2024032105000362,52,83,10.00,611.30,"6,113.00",2024-03-22
223,HRL,2024032105000363,44,83,98.00,611.30,"59,907.40",2024-03-22
224,HRL,2024032105000369,19,58,20.00,613.00,"12,260.00",2024-03-22
225,HRL,2024032105000370,19,49,30.00,613.50,"18,405.00",2024-03-22
226,HRL,2024032105000371,34,21,10.00,613.00,"6,130.00",2024-03-22
227,HRL,2024032105000372,34,52,10.00,613.00,"6,130.00",2024-03-22
228,HRL,2024032105000373,26,58,10.00,612.60,"6,126.00",2024-03-22
229,HRL,2024032105000377,58,38,20.00,612.00,"12,240.00",2024-03-22
230,HRL,2024032105000379,49,51,10.00,612.00,"6,120.00",2024-03-22
231,HRL,2024032105000382,34,32,20.00,612.00,"12,240.00",2024-03-22
232,HRL,2024032105000383,4,58,10.00,612.00,"6,120.00",2024-03-22
233,HRL,2024032105000388,4,38,10.00,612.00,"6,120.00",2024-03-22
234,HRL,2024032105000389,4,34,100.00,612.00,"61,200.00",2024-03-22
235,HRL,2024032105000390,4,35,30.00,612.00,"18,360.00",2024-03-22
236,HRL,2024032105000392,4,58,10.00,612.00,"6,120.00",2024-03-22
237,HRL,2024032105000393,4,22,10.00,612.00,"6,120.00",2024-03-22
238,HRL,2024032105000394,4,14,20.00,612.00,"12,240.00",2024-03-22
239,HRL,2024032105000397,4,32,10.00,612.00,"6,120.00",2024-03-22
240,HRL,2024032105000403,34,49,20.00,613.50,"12,270.00",2024-03-22
241,HRL,2024032105000410,59,38,20.00,612.50,"12,250.00",2024-03-22
242,HRL,2024032105000413,22,57,50.00,611.10,"30,555.00",2024-03-22
243,HRL,2024032105000414,56,57,18.00,611.10,"10,999.80",2024-03-22
244,HRL,2024032105000415,16,57,32.00,611.10,"19,555.20",2024-03-22
245,HRL,2024032105000419,57,11,10.00,611.50,"6,115.00",2024-03-22
246,HRL,2024032105000421,57,38,10.00,611.50,"6,115.00",2024-03-22
247,HRL,2024032105000425,57,19,10.00,611.50,"6,115.00",2024-03-22
248,HRL,2024032105000426,10,34,20.00,611.60,"12,232.00",2024-03-22
249,HRL,2024032105000427,57,58,20.00,611.50,"12,230.00",2024-03-22
250,HRL,2024032105000428,8,34,100.00,612.00,"61,200.00",2024-03-22
251,HRL,2024032105000433,4,86,100.00,612.00,"61,200.00",2024-03-22
252,HRL,2024032105000434,56,86,50.00,612.00,"30,600.00",2024-03-22
253,HRL,2024032105000435,8,86,40.00,611.50,"24,460.00",2024-03-22
254,HRL,2024032105000436,21,86,50.00,611.50,"30,575.00",2024-03-22
255,HRL,2024032105000437,52,86,20.00,611.50,"12,230.00",2024-03-22
256,HRL,2024032105000438,56,86,100.00,611.30,"61,130.00",2024-03-22
257,HRL,2024032105000439,14,86,25.00,611.20,"15,280.00",2024-03-22
258,HRL,2024032105000440,16,86,18.00,611.10,"10,999.80",2024-03-22
259,HRL,2024032105000441,5,86,50.00,611.10,"30,555.00",2024-03-22
260,HRL,2024032105000442,59,86,30.00,611.00,"18,330.00",2024-03-22
261,HRL,2024032105000443,40,86,380.00,611.00,"232,180.00",2024-03-22
262,HRL,2024032105000444,17,86,137.00,611.00,"83,707.00",2024-03-22
263,HRL,2024032105000446,28,45,10.00,612.00,"6,120.00",2024-03-22
264,HRL,2024032105000447,28,8,10.00,612.50,"6,125.00",2024-03-22
265,HRL,2024032105000448,28,58,30.00,613.00,"18,390.00",2024-03-22
266,HRL,2024032105000449,28,49,85.00,613.50,"52,147.50",2024-03-22
267,HRL,2024032105000450,17,36,10.00,611.00,"6,110.00",2024-03-22
268,HRL,2024032105000453,17,57,10.00,611.00,"6,110.00",2024-03-22
269,HRL,2024032105000456,17,69,43.00,611.00,"26,273.00",2024-03-22
270,HRL,2024032105000457,46,69,18.00,611.00,"10,998.00",2024-03-22
271,HRL,2024032105000458,37,69,100.00,611.00,"61,100.00",2024-03-22
272,HRL,2024032105000459,4,69,100.00,611.00,"61,100.00",2024-03-22
273,HRL,2024032105000460,52,69,15.00,610.90,"9,163.50",2024-03-22
274,HRL,2024032105000461,14,69,50.00,610.20,"30,510.00",2024-03-22
275,HRL,2024032105000462,22,69,100.00,610.10,"61,010.00",2024-03-22
276,HRL,2024032105000463,38,69,200.00,610.10,"122,020.00",2024-03-22
277,HRL,2024032105000464,51,69,500.00,610.10,"305,050.00",2024-03-22
278,HRL,2024032105000465,42,69,30.00,610.10,"18,303.00",2024-03-22
279,HRL,2024032105000466,33,69,370.00,610.00,"225,700.00",2024-03-22
280,HRL,2024032105000467,44,69,200.00,610.00,"122,000.00",2024-03-22
281,HRL,2024032105000468,39,69,50.00,610.00,"30,500.00",2024-03-22
282,HRL,2024032105000469,58,69,40.00,610.00,"24,400.00",2024-03-22
283,HRL,2024032105000470,36,69,10.00,610.00,"6,100.00",2024-03-22
284,HRL,2024032105000471,56,69,200.00,610.00,"122,000.00",2024-03-22
285,HRL,2024032105000472,34,69,10.00,610.00,"6,100.00",2024-03-22
286,HRL,2024032105000473,7,69,50.00,610.00,"30,500.00",2024-03-22
287,HRL,2024032105000474,34,69,10.00,610.00,"6,100.00",2024-03-22
288,HRL,2024032105000475,6,69,100.00,610.00,"61,000.00",2024-03-22
289,HRL,2024032105000476,34,69,10.00,610.00,"6,100.00",2024-03-22
290,HRL,2024032105000477,56,69,100.00,610.00,"61,000.00",2024-03-22
291,HRL,2024032105000490,59,43,50.00,609.50,"30,475.00",2024-03-22
292,HRL,2024032105000493,59,42,30.00,609.50,"18,285.00",2024-03-22
293,HRL,2024032105000494,4,69,100.00,610.00,"61,000.00",2024-03-22
294,HRL,2024032105000495,49,69,20.00,610.00,"12,200.00",2024-03-22
295,HRL,2024032105000498,6,69,56.00,610.00,"34,160.00",2024-03-22
296,HRL,2024032105000499,59,55,10.00,609.90,"6,099.00",2024-03-22
297,HRL,2024032105000500,59,69,790.00,610.00,"481,900.00",2024-03-22
298,HRL,2024032105000501,59,28,220.00,609.50,"134,090.00",2024-03-22
299,HRL,2024032105000502,14,28,30.00,609.20,"18,276.00",2024-03-22
300,HRL,2024032105000504,4,58,10.00,609.50,"6,095.00",2024-03-22
301,HRL,2024032105000505,45,69,50.00,610.00,"30,500.00",2024-03-22
302,HRL,2024032105000506,4,42,10.00,609.50,"6,095.00",2024-03-22
303,HRL,2024032105000509,34,42,10.00,609.60,"6,096.00",2024-03-22
304,HRL,2024032105000510,34,86,10.00,609.60,"6,096.00",2024-03-22
305,HRL,2024032105000511,26,86,10.00,609.60,"6,096.00",2024-03-22
306,HRL,2024032105000512,4,86,80.00,609.50,"48,760.00",2024-03-22
307,HRL,2024032105000513,14,86,20.00,609.20,"12,184.00",2024-03-22
308,HRL,2024032105000514,6,86,50.00,609.10,"30,455.00",2024-03-22
309,HRL,2024032105000515,38,86,45.00,609.10,"27,409.50",2024-03-22
310,HRL,2024032105000516,1,86,500.00,609.10,"304,550.00",2024-03-22
311,HRL,2024032105000517,45,86,50.00,609.10,"30,455.00",2024-03-22
312,HRL,2024032105000518,57,86,80.00,609.00,"48,720.00",2024-03-22
313,HRL,2024032105000519,58,86,100.00,609.00,"60,900.00",2024-03-22
314,HRL,2024032105000520,21,86,10.00,609.00,"6,090.00",2024-03-22
315,HRL,2024032105000521,33,86,200.00,609.00,"121,800.00",2024-03-22
316,HRL,2024032105000522,44,86,200.00,609.00,"121,800.00",2024-03-22
317,HRL,2024032105000523,50,86,200.00,609.00,"121,800.00",2024-03-22
318,HRL,2024032105000524,1,86,300.00,609.00,"182,700.00",2024-03-22
319,HRL,2024032105000525,14,86,100.00,609.00,"60,900.00",2024-03-22
320,HRL,2024032105000526,58,86,600.00,609.00,"365,400.00",2024-03-22
321,HRL,2024032105000527,55,86,445.00,609.00,"271,005.00",2024-03-22
322,HRL,2024032105000528,52,38,10.00,609.60,"6,096.00",2024-03-22
323,HRL,2024032105000529,55,58,55.00,609.00,"33,495.00",2024-03-22
324,HRL,2024032105000530,16,58,11.00,609.00,"6,699.00",2024-03-22
325,HRL,2024032105000531,55,58,500.00,609.00,"304,500.00",2024-03-22
326,HRL,2024032105000532,58,58,34.00,609.00,"20,706.00",2024-03-22
327,HRL,2024032105000536,49,34,10.00,609.50,"6,095.00",2024-03-22
328,HRL,2024032105000537,49,49,20.00,609.50,"12,190.00",2024-03-22
329,HRL,2024032105000538,48,49,20.00,609.50,"12,190.00",2024-03-22
330,HRL,2024032105000539,36,58,10.00,609.10,"6,091.00",2024-03-22
331,HRL,2024032105000546,36,41,10.00,609.10,"6,091.00",2024-03-22
332,HRL,2024032105000548,3,49,175.00,609.50,"106,662.50",2024-03-22
333,HRL,2024032105000549,39,38,10.00,609.60,"6,096.00",2024-03-22
334,HRL,2024032105000552,39,66,10.00,609.60,"6,096.00",2024-03-22
335,HRL,2024032105000553,36,21,10.00,609.10,"6,091.00",2024-03-22
336,HRL,2024032105000557,58,26,20.00,609.90,"12,198.00",2024-03-22
337,HRL,2024032105000558,36,38,10.00,609.10,"6,091.00",2024-03-22
338,HRL,2024032105000560,36,49,20.00,609.10,"12,182.00",2024-03-22
339,HRL,2024032105000561,36,38,10.00,609.10,"6,091.00",2024-03-22
340,HRL,2024032105000562,36,21,10.00,609.10,"6,091.00",2024-03-22
341,HRL,2024032105000564,36,45,10.00,609.10,"6,091.00",2024-03-22
342,HRL,2024032105000571,10,38,10.00,609.20,"6,092.00",2024-03-22
343,HRL,2024032105000575,10,25,10.00,609.20,"6,092.00",2024-03-22
344,HRL,2024032105000577,38,22,10.00,609.20,"6,092.00",2024-03-22
345,HRL,2024032105000580,42,49,10.00,609.30,"6,093.00",2024-03-22
346,HRL,2024032105000581,42,38,20.00,609.30,"12,186.00",2024-03-22
347,HRL,2024032105000583,55,49,10.00,609.30,"6,093.00",2024-03-22
348,HRL,2024032105000587,29,69,50.00,610.00,"30,500.00",2024-03-22
349,HRL,2024032105000588,55,19,10.00,609.30,"6,093.00",2024-03-22
350,HRL,2024032105000589,55,38,10.00,609.30,"6,093.00",2024-03-22
351,HRL,2024032105000590,74,69,100.00,610.00,"61,000.00",2024-03-22
352,HRL,2024032105000591,55,42,70.00,609.30,"42,651.00",2024-03-22
353,HRL,2024032105000592,22,42,50.00,609.30,"30,465.00",2024-03-22
354,HRL,2024032105000593,38,42,90.00,609.20,"54,828.00",2024-03-22
355,HRL,2024032105000594,36,42,10.00,609.10,"6,091.00",2024-03-22
356,HRL,2024032105000595,44,42,20.00,609.10,"12,182.00",2024-03-22
357,HRL,2024032105000596,44,42,10.00,609.10,"6,091.00",2024-03-22
358,HRL,2024032105000597,29,42,50.00,609.10,"30,455.00",2024-03-22
359,HRL,2024032105000598,44,42,50.00,609.10,"30,455.00",2024-03-22
360,HRL,2024032105000599,58,42,602.00,609.10,"366,678.20",2024-03-22
361,HRL,2024032105000608,38,69,"1,000.00",610.00,"610,000.00",2024-03-22
362,HRL,2024032105000609,38,69,400.00,610.00,"244,000.00",2024-03-22
363,HRL,2024032105000620,3,69,128.00,610.00,"78,080.00",2024-03-22
364,HRL,2024032105000621,3,52,10.00,610.00,"6,100.00",2024-03-22
365,HRL,2024032105000622,3,34,10.00,610.00,"6,100.00",2024-03-22
366,HRL,2024032105000623,3,51,20.00,610.00,"12,200.00",2024-03-22
367,HRL,2024032105000624,3,72,10.00,610.00,"6,100.00",2024-03-22
368,HRL,2024032105000625,3,18,10.00,610.00,"6,100.00",2024-03-22
369,HRL,2024032105000626,3,29,10.00,610.00,"6,100.00",2024-03-22
370,HRL,2024032105000627,3,7,10.00,610.00,"6,100.00",2024-03-22
371,HRL,2024032105000628,3,34,10.00,610.00,"6,100.00",2024-03-22
372,HRL,2024032105000629,3,21,10.00,610.00,"6,100.00",2024-03-22
373,HRL,2024032105000633,7,19,10.00,610.00,"6,100.00",2024-03-22
374,HRL,2024032105000635,38,14,10.00,609.20,"6,092.00",2024-03-22
375,HRL,2024032105000637,38,50,10.00,609.20,"6,092.00",2024-03-22
376,HRL,2024032105000639,35,46,10.00,610.00,"6,100.00",2024-03-22
377,HRL,2024032105000641,35,21,10.00,610.00,"6,100.00",2024-03-22
378,HRL,2024032105000642,38,25,30.00,609.20,"18,276.00",2024-03-22
379,HRL,2024032105000643,57,32,10.00,611.00,"6,110.00",2024-03-22
380,HRL,2024032105000644,57,57,10.00,611.00,"6,110.00",2024-03-22
381,HRL,2024032105000645,8,58,10.00,609.50,"6,095.00",2024-03-22
382,HRL,2024032105000647,58,17,10.00,610.00,"6,100.00",2024-03-22
383,HRL,2024032105000648,58,57,10.00,610.00,"6,100.00",2024-03-22
384,HRL,2024032105000653,58,41,10.00,610.00,"6,100.00",2024-03-22
385,HRL,2024032105000655,58,38,10.00,610.00,"6,100.00",2024-03-22
386,HRL,2024032105000657,58,49,10.00,610.00,"6,100.00",2024-03-22
387,HRL,2024032105000659,58,49,10.00,610.00,"6,100.00",2024-03-22
388,HRL,2024032105000660,52,58,10.00,610.10,"6,101.00",2024-03-22
389,HRL,2024032105000662,52,58,10.00,610.10,"6,101.00",2024-03-22
390,HRL,2024032105000663,52,39,10.00,610.10,"6,101.00",2024-03-22
391,HRL,2024032105000664,52,21,10.00,610.10,"6,101.00",2024-03-22
392,HRL,2024032105000669,52,38,10.00,610.10,"6,101.00",2024-03-22
393,HRL,2024032105000670,57,38,40.00,610.10,"24,404.00",2024-03-22
394,HRL,2024032105000671,57,38,40.00,610.10,"24,404.00",2024-03-22
395,HRL,2024032105000672,17,38,10.00,610.10,"6,101.00",2024-03-22
396,HRL,2024032105000673,58,58,10.00,610.00,"6,100.00",2024-03-22
397,HRL,2024032105000675,25,22,10.00,611.00,"6,110.00",2024-03-22
398,HRL,2024032105000676,25,58,10.00,611.00,"6,110.00",2024-03-22
399,HRL,2024032105000677,25,42,10.00,611.00,"6,110.00",2024-03-22
400,HRL,2024032105000678,25,58,70.00,611.00,"42,770.00",2024-03-22
401,HRL,2024032105000680,58,59,55.00,610.00,"33,550.00",2024-03-22
402,HRL,2024032105000681,57,59,40.00,610.00,"24,400.00",2024-03-22
403,HRL,2024032105000682,38,59,200.00,610.00,"122,000.00",2024-03-22
404,HRL,2024032105000683,29,59,100.00,610.00,"61,000.00",2024-03-22
405,HRL,2024032105000684,45,59,150.00,610.00,"91,500.00",2024-03-22
406,HRL,2024032105000685,26,59,300.00,610.00,"183,000.00",2024-03-22
407,HRL,2024032105000686,40,59,155.00,610.00,"94,550.00",2024-03-22
408,HRL,2024032105000687,40,38,20.00,610.00,"12,200.00",2024-03-22
409,HRL,2024032105000688,6,58,50.00,611.00,"30,550.00",2024-03-22
410,HRL,2024032105000690,59,58,30.00,611.00,"18,330.00",2024-03-22
411,HRL,2024032105000692,40,58,20.00,610.00,"12,200.00",2024-03-22
412,HRL,2024032105000696,33,38,10.00,610.00,"6,100.00",2024-03-22
413,HRL,2024032105000697,4,38,10.00,610.00,"6,100.00",2024-03-22
414,HRL,2024032105000698,37,56,10.00,610.10,"6,101.00",2024-03-22
415,HRL,2024032105000699,37,38,10.00,610.10,"6,101.00",2024-03-22
416,HRL,2024032105000704,54,4,10.00,610.20,"6,102.00",2024-03-22
417,HRL,2024032105000705,34,55,20.00,611.00,"12,220.00",2024-03-22
418,HRL,2024032105000707,48,41,10.00,611.00,"6,110.00",2024-03-22
419,HRL,2024032105000709,48,58,10.00,611.00,"6,110.00",2024-03-22
420,HRL,2024032105000710,48,59,30.00,611.00,"18,330.00",2024-03-22
421,HRL,2024032105000711,40,59,55.00,611.00,"33,605.00",2024-03-22
422,HRL,2024032105000712,54,59,10.00,610.20,"6,102.00",2024-03-22
423,HRL,2024032105000713,41,59,50.00,610.20,"30,510.00",2024-03-22
424,HRL,2024032105000714,25,59,50.00,610.20,"30,510.00",2024-03-22
425,HRL,2024032105000715,37,59,980.00,610.10,"597,898.00",2024-03-22
426,HRL,2024032105000716,3,59,200.00,610.10,"122,020.00",2024-03-22
427,HRL,2024032105000717,50,59,20.00,610.00,"12,200.00",2024-03-22
428,HRL,2024032105000718,58,59,250.00,610.00,"152,500.00",2024-03-22
429,HRL,2024032105000719,8,59,10.00,610.00,"6,100.00",2024-03-22
430,HRL,2024032105000720,37,59,50.00,610.00,"30,500.00",2024-03-22
431,HRL,2024032105000721,42,59,100.00,610.00,"61,000.00",2024-03-22
432,HRL,2024032105000722,29,59,195.00,610.00,"118,950.00",2024-03-22
433,HRL,2024032105000732,26,39,20.00,610.10,"12,202.00",2024-03-22
434,HRL,2024032105000741,26,6,30.00,610.10,"18,303.00",2024-03-22
435,HRL,2024032105000742,6,6,90.00,610.10,"54,909.00",2024-03-22
436,HRL,2024032105000743,6,52,10.00,610.10,"6,101.00",2024-03-22
437,HRL,2024032105000744,6,49,10.00,610.10,"6,101.00",2024-03-22
438,HRL,2024032105000751,35,25,10.00,610.20,"6,102.00",2024-03-22
439,HRL,2024032105000756,6,59,20.00,610.10,"12,202.00",2024-03-22
440,HRL,2024032105000760,58,57,10.00,611.00,"6,110.00",2024-03-22
441,HRL,2024032105000761,58,50,10.00,611.00,"6,110.00",2024-03-22
442,HRL,2024032105000762,58,49,10.00,611.70,"6,117.00",2024-03-22
443,HRL,2024032105000763,58,25,20.00,612.00,"12,240.00",2024-03-22
444,HRL,2024032105000764,58,36,20.00,612.00,"12,240.00",2024-03-22
445,HRL,2024032105000765,58,75,10.00,612.00,"6,120.00",2024-03-22
446,HRL,2024032105000766,58,4,10.00,612.00,"6,120.00",2024-03-22
447,HRL,2024032105000767,58,41,10.00,612.00,"6,120.00",2024-03-22
448,HRL,2024032105000768,35,38,10.00,610.20,"6,102.00",2024-03-22
449,HRL,2024032105000769,35,32,10.00,610.20,"6,102.00",2024-03-22
450,HRL,2024032105000770,1,52,30.00,612.00,"18,360.00",2024-03-22
451,HRL,2024032105000771,1,34,20.00,612.00,"12,240.00",2024-03-22
452,HRL,2024032105000772,1,35,10.00,612.00,"6,120.00",2024-03-22
453,HRL,2024032105000773,34,45,10.00,611.00,"6,110.00",2024-03-22
454,HRL,2024032105000775,34,57,10.00,611.00,"6,110.00",2024-03-22
455,HRL,2024032105000776,42,57,10.00,611.00,"6,110.00",2024-03-22
456,HRL,2024032105000777,39,25,10.00,612.00,"6,120.00",2024-03-22
457,HRL,2024032105000778,39,39,20.00,612.00,"12,240.00",2024-03-22
458,HRL,2024032105000780,42,58,10.00,611.00,"6,110.00",2024-03-22
459,HRL,2024032105000783,49,34,10.00,611.00,"6,110.00",2024-03-22
460,HRL,2024032105000786,49,17,150.00,611.00,"91,650.00",2024-03-22
461,HRL,2024032105000788,49,55,10.00,611.00,"6,110.00",2024-03-22
462,HRL,2024032105000789,57,21,10.00,612.00,"6,120.00",2024-03-22
463,HRL,2024032105000790,57,42,180.00,612.00,"110,160.00",2024-03-22
464,HRL,2024032105000791,57,4,10.00,613.00,"6,130.00",2024-03-22
465,HRL,2024032105000793,35,38,10.00,613.00,"6,130.00",2024-03-22
466,HRL,2024032105000794,35,19,30.00,613.00,"18,390.00",2024-03-22
467,HRL,2024032105000795,35,59,10.00,613.00,"6,130.00",2024-03-22
468,HRL,2024032105000796,35,38,30.00,613.00,"18,390.00",2024-03-22
469,HRL,2024032105000797,35,83,20.00,613.00,"12,260.00",2024-03-22
470,HRL,2024032105000806,7,4,10.00,612.00,"6,120.00",2024-03-22
471,HRL,2024032105000810,57,83,40.00,613.00,"24,520.00",2024-03-22
472,HRL,2024032105000811,7,83,10.00,613.00,"6,130.00",2024-03-22
473,HRL,2024032105000812,57,83,30.00,613.00,"18,390.00",2024-03-22
474,HRL,2024032105000814,7,41,10.00,612.00,"6,120.00",2024-03-22
475,HRL,2024032105000815,58,35,20.00,612.00,"12,240.00",2024-03-22
476,HRL,2024032105000817,45,11,10.00,612.30,"6,123.00",2024-03-22
477,HRL,2024032105000818,45,21,10.00,612.30,"6,123.00",2024-03-22
478,HRL,2024032105000822,45,48,10.00,612.30,"6,123.00",2024-03-22
479,HRL,2024032105000827,26,41,10.00,612.40,"6,124.00",2024-03-22
480,HRL,2024032105000828,45,58,10.00,612.50,"6,125.00",2024-03-22
481,HRL,2024032105000829,45,49,10.00,612.50,"6,125.00",2024-03-22
482,HRL,2024032105000830,45,58,10.00,612.50,"6,125.00",2024-03-22
483,HRL,2024032105000831,50,83,300.00,613.00,"183,900.00",2024-03-22
484,HRL,2024032105000833,65,3,300.00,612.90,"183,870.00",2024-03-22
485,HRL,2024032105000834,65,83,100.00,613.00,"61,300.00",2024-03-22
486,HRL,2024032105000835,65,4,20.00,613.00,"12,260.00",2024-03-22
487,HRL,2024032105000836,65,36,10.00,613.00,"6,130.00",2024-03-22
488,HRL,2024032105000841,65,26,30.00,613.00,"18,390.00",2024-03-22
489,HRL,2024032105000842,65,35,10.00,613.00,"6,130.00",2024-03-22
490,HRL,2024032105000843,65,41,10.00,613.00,"6,130.00",2024-03-22
491,HRL,2024032105000844,65,21,36.00,613.00,"22,068.00",2024-03-22
492,HRL,2024032105000855,65,45,10.00,613.00,"6,130.00",2024-03-22
493,HRL,2024032105000858,65,58,10.00,613.00,"6,130.00",2024-03-22
494,HRL,2024032105000867,65,55,50.00,613.00,"30,650.00",2024-03-22
495,HRL,2024032105000868,65,6,10.00,613.00,"6,130.00",2024-03-22
496,HRL,2024032105000869,49,45,20.00,613.10,"12,262.00",2024-03-22
497,HRL,2024032105000871,26,45,10.00,613.40,"6,134.00",2024-03-22
498,HRL,2024032105000872,26,49,10.00,613.40,"6,134.00",2024-03-22
499,HRL,2024032105000876,26,58,10.00,613.40,"6,134.00",2024-03-22
500,HRL,2024032105000878,26,21,10.00,613.40,"6,134.00",2024-03-22
501,HRL,2024032105000880,49,58,20.00,613.50,"12,270.00",2024-03-22
502,HRL,2024032105000881,49,21,10.00,613.50,"6,135.00",2024-03-22
503,HRL,2024032105000882,26,35,10.00,613.40,"6,134.00",2024-03-22
504,HRL,2024032105000883,26,42,20.00,613.40,"12,268.00",2024-03-22
505,HRL,2024032105000884,26,58,10.00,613.40,"6,134.00",2024-03-22
506,HRL,2024032105000887,57,49,10.00,614.00,"6,140.00",2024-03-22
507,HRL,2024032105000888,57,58,10.00,614.00,"6,140.00",2024-03-22
508,HRL,2024032105000889,57,35,10.00,614.00,"6,140.00",2024-03-22
509,HRL,2024032105000890,57,21,20.00,614.00,"12,280.00",2024-03-22
510,HRL,2024032105000891,57,32,10.00,614.00,"6,140.00",2024-03-22
511,HRL,2024032105000892,57,35,31.00,614.80,"19,058.80",2024-03-22
512,HRL,2024032105000893,57,45,20.00,614.90,"12,298.00",2024-03-22
513,HRL,2024032105000894,57,69,480.00,615.00,"295,200.00",2024-03-22
514,HRL,2024032105000895,57,59,10.00,615.00,"6,150.00",2024-03-22
515,HRL,2024032105000896,57,56,10.00,615.00,"6,150.00",2024-03-22
516,HRL,2024032105000897,57,48,10.00,615.00,"6,150.00",2024-03-22
517,HRL,2024032105000898,57,52,30.00,615.00,"18,450.00",2024-03-22
518,HRL,2024032105000899,57,48,10.00,615.00,"6,150.00",2024-03-22
519,HRL,2024032105000900,57,46,20.00,615.00,"12,300.00",2024-03-22
520,HRL,2024032105000901,57,34,30.00,615.00,"18,450.00",2024-03-22
521,HRL,2024032105000902,57,43,10.00,615.00,"6,150.00",2024-03-22
522,HRL,2024032105000903,57,17,10.00,615.00,"6,150.00",2024-03-22
523,HRL,2024032105000904,57,17,10.00,615.00,"6,150.00",2024-03-22
524,HRL,2024032105000905,57,33,40.00,615.00,"24,600.00",2024-03-22
525,HRL,2024032105000906,57,51,10.00,615.00,"6,150.00",2024-03-22
526,HRL,2024032105000907,57,3,100.00,615.00,"61,500.00",2024-03-22
527,HRL,2024032105000908,57,17,10.00,615.00,"6,150.00",2024-03-22
528,HRL,2024032105000909,57,40,40.00,615.00,"24,600.00",2024-03-22
529,HRL,2024032105000910,57,44,20.00,615.00,"12,300.00",2024-03-22
530,HRL,2024032105000911,57,29,20.00,615.00,"12,300.00",2024-03-22
531,HRL,2024032105000912,57,35,25.00,615.00,"15,375.00",2024-03-22
532,HRL,2024032105000913,57,29,10.00,615.00,"6,150.00",2024-03-22
533,HRL,2024032105000914,57,58,20.00,615.00,"12,300.00",2024-03-22
534,HRL,2024032105000915,57,59,10.00,615.00,"6,150.00",2024-03-22
535,HRL,2024032105000916,57,34,10.00,615.00,"6,150.00",2024-03-22
536,HRL,2024032105000917,57,58,10.00,615.00,"6,150.00",2024-03-22
537,HRL,2024032105000918,57,59,10.00,615.00,"6,150.00",2024-03-22
538,HRL,2024032105000919,57,29,20.00,615.00,"12,300.00",2024-03-22
539,HRL,2024032105000920,57,58,10.00,615.00,"6,150.00",2024-03-22
540,HRL,2024032105000921,57,45,10.00,615.00,"6,150.00",2024-03-22
541,HRL,2024032105000922,57,6,10.00,615.00,"6,150.00",2024-03-22
542,HRL,2024032105000923,57,58,10.00,615.00,"6,150.00",2024-03-22
543,HRL,2024032105000924,57,58,10.00,615.00,"6,150.00",2024-03-22
544,HRL,2024032105000925,57,29,20.00,615.00,"12,300.00",2024-03-22
545,HRL,2024032105000926,57,3,334.00,615.00,"205,410.00",2024-03-22
546,HRL,2024032105000928,13,58,10.00,614.00,"6,140.00",2024-03-22
547,HRL,2024032105000929,26,58,10.00,613.40,"6,134.00",2024-03-22
548,HRL,2024032105000930,26,52,10.00,613.40,"6,134.00",2024-03-22
549,HRL,2024032105000933,26,41,10.00,613.40,"6,134.00",2024-03-22
550,HRL,2024032105000938,26,19,10.00,613.40,"6,134.00",2024-03-22
551,HRL,2024032105000939,45,49,10.00,613.50,"6,135.00",2024-03-22
552,HRL,2024032105000940,45,36,10.00,613.50,"6,135.00",2024-03-22
553,HRL,2024032105000942,7,44,10.00,614.00,"6,140.00",2024-03-22
554,HRL,2024032105000945,7,58,10.00,614.00,"6,140.00",2024-03-22
555,HRL,2024032105000946,47,62,136.00,614.90,"83,626.40",2024-03-22
556,HRL,2024032105000947,7,41,10.00,614.00,"6,140.00",2024-03-22
557,HRL,2024032105000949,7,47,20.00,614.00,"12,280.00",2024-03-22
558,HRL,2024032105000950,45,62,64.00,614.90,"39,353.60",2024-03-22
559,HRL,2024032105000951,45,58,10.00,614.90,"6,149.00",2024-03-22
560,HRL,2024032105000952,45,58,10.00,614.90,"6,149.00",2024-03-22
561,HRL,2024032105000955,25,3,20.00,615.00,"12,300.00",2024-03-22
562,HRL,2024032105000956,26,3,60.00,615.00,"36,900.00",2024-03-22
563,HRL,2024032105000960,45,49,10.00,614.90,"6,149.00",2024-03-22
564,HRL,2024032105000961,7,3,50.00,615.00,"30,750.00",2024-03-22
565,HRL,2024032105000963,42,3,36.00,615.00,"22,140.00",2024-03-22
566,HRL,2024032105000964,42,38,30.00,615.00,"18,450.00",2024-03-22
567,HRL,2024032105000965,42,21,10.00,615.00,"6,150.00",2024-03-22
568,HRL,2024032105000977,42,58,20.00,615.00,"12,300.00",2024-03-22
569,HRL,2024032105000978,45,19,10.00,614.90,"6,149.00",2024-03-22
570,HRL,2024032105000979,54,54,50.00,615.30,"30,765.00",2024-03-22
571,HRL,2024032105000980,54,65,50.00,615.40,"30,770.00",2024-03-22
572,HRL,2024032105000987,54,58,10.00,615.00,"6,150.00",2024-03-22
573,HRL,2024032105000988,54,65,90.00,615.40,"55,386.00",2024-03-22
574,HRL,2024032105000990,58,35,10.00,615.00,"6,150.00",2024-03-22
575,HRL,2024032105000992,58,58,10.00,615.00,"6,150.00",2024-03-22
576,HRL,2024032105000993,45,65,266.00,615.40,"163,696.40",2024-03-22
577,HRL,2024032105000995,58,19,10.00,615.00,"6,150.00",2024-03-22
578,HRL,2024032105000996,58,83,50.00,615.00,"30,750.00",2024-03-22
579,HRL,2024032105001001,7,83,40.00,615.00,"24,600.00",2024-03-22
580,HRL,2024032105001010,36,17,10.00,614.50,"6,145.00",2024-03-22
581,HRL,2024032105001016,36,56,20.00,614.50,"12,290.00",2024-03-22
582,HRL,2024032105001017,48,65,11.00,614.90,"6,763.90",2024-03-22
583,HRL,2024032105001018,36,21,10.00,614.50,"6,145.00",2024-03-22
584,HRL,2024032105001019,36,3,40.00,614.50,"24,580.00",2024-03-22
585,HRL,2024032105001021,66,45,26.00,614.10,"15,966.60",2024-03-22
586,HRL,2024032105001022,22,45,100.00,614.00,"61,400.00",2024-03-22
587,HRL,2024032105001025,45,49,20.00,613.50,"12,270.00",2024-03-22
588,HRL,2024032105001027,45,42,30.00,613.50,"18,405.00",2024-03-22
589,HRL,2024032105001028,45,3,100.00,613.50,"61,350.00",2024-03-22
590,HRL,2024032105001029,16,3,100.00,613.20,"61,320.00",2024-03-22
591,HRL,2024032105001032,22,45,20.00,614.00,"12,280.00",2024-03-22
592,HRL,2024032105001035,51,42,10.00,613.20,"6,132.00",2024-03-22
593,HRL,2024032105001036,51,45,20.00,614.00,"12,280.00",2024-03-22
594,HRL,2024032105001037,65,4,10.00,613.00,"6,130.00",2024-03-22
595,HRL,2024032105001039,65,35,10.00,613.00,"6,130.00",2024-03-22
596,HRL,2024032105001040,65,55,10.00,613.00,"6,130.00",2024-03-22
597,HRL,2024032105001043,65,40,10.00,613.00,"6,130.00",2024-03-22
598,HRL,2024032105001048,65,49,30.00,613.00,"18,390.00",2024-03-22
599,HRL,2024032105001057,36,45,20.00,613.50,"12,270.00",2024-03-22
600,HRL,2024032105001060,36,58,10.00,613.50,"6,135.00",2024-03-22
601,HRL,2024032105001062,38,54,20.00,613.90,"12,278.00",2024-03-22
602,HRL,2024032105001066,36,42,40.00,613.50,"24,540.00",2024-03-22
603,HRL,2024032105001069,36,32,20.00,613.50,"12,270.00",2024-03-22
604,HRL,2024032105001080,36,37,10.00,613.50,"6,135.00",2024-03-22
605,HRL,2024032105001081,25,37,20.00,613.20,"12,264.00",2024-03-22
606,HRL,2024032105001082,25,48,13.00,613.20,"7,971.60",2024-03-22
607,HRL,2024032105001083,25,58,10.00,613.20,"6,132.00",2024-03-22
608,HRL,2024032105001084,25,4,50.00,613.20,"30,660.00",2024-03-22
609,HRL,2024032105001087,25,33,15.00,613.20,"9,198.00",2024-03-22
610,HRL,2024032105001088,25,65,42.00,613.20,"25,754.40",2024-03-22
611,HRL,2024032105001089,22,65,147.00,613.10,"90,125.70",2024-03-22
612,HRL,2024032105001091,22,36,53.00,613.10,"32,494.30",2024-03-22
613,HRL,2024032105001092,65,36,334.00,613.00,"204,742.00",2024-03-22
614,HRL,2024032105001093,25,36,100.00,613.00,"61,300.00",2024-03-22
615,HRL,2024032105001094,57,36,200.00,613.00,"122,600.00",2024-03-22
616,HRL,2024032105001095,42,36,313.00,613.00,"191,869.00",2024-03-22
617,HRL,2024032105001106,42,38,10.00,613.00,"6,130.00",2024-03-22
618,HRL,2024032105001108,42,17,40.00,613.00,"24,520.00",2024-03-22
619,HRL,2024032105001109,42,45,10.00,613.00,"6,130.00",2024-03-22
620,HRL,2024032105001110,42,58,10.00,613.00,"6,130.00",2024-03-22
621,HRL,2024032105001111,42,26,20.00,613.00,"12,260.00",2024-03-22
622,HRL,2024032105001114,42,71,10.00,613.00,"6,130.00",2024-03-22
623,HRL,2024032105001115,42,58,10.00,613.00,"6,130.00",2024-03-22
624,HRL,2024032105001116,42,57,10.00,613.00,"6,130.00",2024-03-22
625,HRL,2024032105001117,42,38,10.00,613.00,"6,130.00",2024-03-22
626,HRL,2024032105001123,42,58,40.00,613.00,"24,520.00",2024-03-22
627,HRL,2024032105001125,42,32,20.00,613.00,"12,260.00",2024-03-22
628,HRL,2024032105001127,42,42,40.00,613.00,"24,520.00",2024-03-22
629,HRL,2024032105001128,42,60,10.00,613.00,"6,130.00",2024-03-22
630,HRL,2024032105001129,42,58,10.00,613.00,"6,130.00",2024-03-22
631,HRL,2024032105001130,42,38,20.00,613.00,"12,260.00",2024-03-22
632,HRL,2024032105001131,42,58,10.00,613.00,"6,130.00",2024-03-22
633,HRL,2024032105001132,42,21,10.00,613.00,"6,130.00",2024-03-22
634,HRL,2024032105001133,66,52,10.00,613.50,"6,135.00",2024-03-22
635,HRL,2024032105001134,66,6,30.00,613.90,"18,417.00",2024-03-22
636,HRL,2024032105001145,42,11,10.00,613.00,"6,130.00",2024-03-22
637,HRL,2024032105001149,42,21,20.00,613.00,"12,260.00",2024-03-22
638,HRL,2024032105001150,42,22,20.00,613.00,"12,260.00",2024-03-22
639,HRL,2024032105001154,42,45,10.00,613.00,"6,130.00",2024-03-22
640,HRL,2024032105001157,57,7,10.00,613.10,"6,131.00",2024-03-22
641,HRL,2024032105001158,57,8,10.00,613.10,"6,131.00",2024-03-22
642,HRL,2024032105001159,57,25,10.00,613.10,"6,131.00",2024-03-22
643,HRL,2024032105001161,39,32,20.00,613.30,"12,266.00",2024-03-22
644,HRL,2024032105001162,57,38,20.00,613.10,"12,262.00",2024-03-22
645,HRL,2024032105001163,57,21,10.00,613.10,"6,131.00",2024-03-22
646,HRL,2024032105001167,57,8,10.00,613.10,"6,131.00",2024-03-22
647,HRL,2024032105001170,57,57,10.00,613.10,"6,131.00",2024-03-22
648,HRL,2024032105001171,45,21,10.00,613.20,"6,132.00",2024-03-22
649,HRL,2024032105001172,57,38,10.00,613.10,"6,131.00",2024-03-22
650,HRL,2024032105001173,57,21,10.00,613.10,"6,131.00",2024-03-22
651,HRL,2024032105001174,57,51,10.00,613.10,"6,131.00",2024-03-22
652,HRL,2024032105001175,57,22,20.00,613.10,"12,262.00",2024-03-22
653,HRL,2024032105001176,57,58,10.00,613.10,"6,131.00",2024-03-22
654,HRL,2024032105001177,57,58,10.00,613.10,"6,131.00",2024-03-22
655,HRL,2024032105001180,66,45,10.00,613.90,"6,139.00",2024-03-22
656,HRL,2024032105001181,66,38,30.00,613.90,"18,417.00",2024-03-22
657,HRL,2024032105001182,66,11,30.00,614.00,"18,420.00",2024-03-22
658,HRL,2024032105001183,66,38,15.00,614.00,"9,210.00",2024-03-22
659,HRL,2024032105001185,57,34,10.00,613.10,"6,131.00",2024-03-22
660,HRL,2024032105001186,57,45,20.00,613.10,"12,262.00",2024-03-22
661,HRL,2024032105001209,45,46,10.00,613.20,"6,132.00",2024-03-22
662,HRL,2024032105001212,45,71,30.00,613.20,"18,396.00",2024-03-22
663,HRL,2024032105001213,57,71,220.00,613.10,"134,882.00",2024-03-22
664,HRL,2024032105001214,42,71,"1,750.00",613.00,"1,072,750.00",2024-03-22
665,HRL,2024032105001216,47,42,100.00,613.10,"61,310.00",2024-03-22
666,HRL,2024032105001217,42,57,10.00,613.00,"6,130.00",2024-03-22
667,HRL,2024032105001218,42,1,10.00,613.00,"6,130.00",2024-03-22
668,HRL,2024032105001219,44,42,200.00,613.10,"122,620.00",2024-03-22
669,HRL,2024032105001220,44,21,10.00,613.20,"6,132.00",2024-03-22
670,HRL,2024032105001224,44,13,10.00,613.20,"6,132.00",2024-03-22
671,HRL,2024032105001230,44,8,10.00,613.20,"6,132.00",2024-03-22
672,HRL,2024032105001232,44,40,70.00,613.20,"42,924.00",2024-03-22
673,HRL,2024032105001233,42,40,180.00,613.00,"110,340.00",2024-03-22
674,HRL,2024032105001234,42,29,"2,000.00",613.00,"1,226,000.00",2024-03-22
675,HRL,2024032105001242,42,57,20.00,613.00,"12,260.00",2024-03-22
676,HRL,2024032105001244,42,58,30.00,613.00,"18,390.00",2024-03-22
677,HRL,2024032105001246,42,42,10.00,613.00,"6,130.00",2024-03-22
678,HRL,2024032105001247,42,57,20.00,613.00,"12,260.00",2024-03-22
679,HRL,2024032105001249,42,19,10.00,613.00,"6,130.00",2024-03-22
680,HRL,2024032105001251,42,21,297.00,613.00,"182,061.00",2024-03-22
681,HRL,2024032105001252,42,21,31.00,613.00,"19,003.00",2024-03-22
682,HRL,2024032105001253,62,21,25.00,613.00,"15,325.00",2024-03-22
683,HRL,2024032105001254,49,21,12.00,613.00,"7,356.00",2024-03-22
684,HRL,2024032105001255,56,21,10.00,613.00,"6,130.00",2024-03-22
685,HRL,2024032105001270,25,58,10.00,612.50,"6,125.00",2024-03-22
686,HRL,2024032105001271,25,57,10.00,612.50,"6,125.00",2024-03-22
687,HRL,2024032105001272,49,83,24.00,613.00,"14,712.00",2024-03-22
688,HRL,2024032105001273,25,21,10.00,612.50,"6,125.00",2024-03-22
689,HRL,2024032105001276,25,8,10.00,612.50,"6,125.00",2024-03-22
690,HRL,2024032105001277,25,42,10.00,612.50,"6,125.00",2024-03-22
691,HRL,2024032105001279,45,19,10.00,612.90,"6,129.00",2024-03-22
692,HRL,2024032105001280,45,83,40.00,613.00,"24,520.00",2024-03-22
693,HRL,2024032105001281,25,42,10.00,612.50,"6,125.00",2024-03-22
694,HRL,2024032105001284,25,58,30.00,612.50,"18,375.00",2024-03-22
695,HRL,2024032105001285,52,42,10.00,612.60,"6,126.00",2024-03-22
696,HRL,2024032105001288,52,58,20.00,612.60,"12,252.00",2024-03-22
697,HRL,2024032105001289,52,8,10.00,612.60,"6,126.00",2024-03-22
698,HRL,2024032105001291,52,38,20.00,612.60,"12,252.00",2024-03-22
699,HRL,2024032105001293,52,7,10.00,612.60,"6,126.00",2024-03-22
700,HRL,2024032105001294,52,58,10.00,612.60,"6,126.00",2024-03-22
701,HRL,2024032105001295,52,21,10.00,612.60,"6,126.00",2024-03-22
702,HRL,2024032105001296,52,58,10.00,612.60,"6,126.00",2024-03-22
703,HRL,2024032105001297,25,38,10.00,612.50,"6,125.00",2024-03-22
704,HRL,2024032105001298,41,58,10.00,612.50,"6,125.00",2024-03-22
705,HRL,2024032105001300,41,94,10.00,612.50,"6,125.00",2024-03-22
706,HRL,2024032105001301,17,58,20.00,612.60,"12,252.00",2024-03-22
707,HRL,2024032105001302,17,83,70.00,613.00,"42,910.00",2024-03-22
708,HRL,2024032105001303,41,8,10.00,612.50,"6,125.00",2024-03-22
709,HRL,2024032105001304,41,54,10.00,612.50,"6,125.00",2024-03-22
710,HRL,2024032105001305,28,56,10.00,612.10,"6,121.00",2024-03-22
711,HRL,2024032105001306,28,7,20.00,612.10,"12,242.00",2024-03-22
712,HRL,2024032105001309,28,58,10.00,612.10,"6,121.00",2024-03-22
713,HRL,2024032105001313,28,26,10.00,612.10,"6,121.00",2024-03-22
714,HRL,2024032105001314,58,26,20.00,612.00,"12,240.00",2024-03-22
715,HRL,2024032105001326,58,41,10.00,612.00,"6,120.00",2024-03-22
716,HRL,2024032105001327,58,21,10.00,612.00,"6,120.00",2024-03-22
717,HRL,2024032105001349,58,11,10.00,612.00,"6,120.00",2024-03-22
718,HRL,2024032105001359,13,58,10.00,612.60,"6,126.00",2024-03-22
719,HRL,2024032105001360,13,6,40.00,612.60,"24,504.00",2024-03-22
720,HRL,2024032105001361,19,6,30.00,612.00,"18,360.00",2024-03-22
721,HRL,2024032105001362,13,6,50.00,611.80,"30,590.00",2024-03-22
722,HRL,2024032105001363,58,8,10.00,611.10,"6,111.00",2024-03-22
723,HRL,2024032105001368,58,83,223.00,613.00,"136,699.00",2024-03-22
724,HRL,2024032105001369,38,41,10.00,612.00,"6,120.00",2024-03-22
725,HRL,2024032105001370,38,58,10.00,612.00,"6,120.00",2024-03-22
726,HRL,2024032105001375,38,58,40.00,612.00,"24,480.00",2024-03-22
727,HRL,2024032105001377,38,11,20.00,612.00,"12,240.00",2024-03-22
728,HRL,2024032105001379,38,35,20.00,612.00,"12,240.00",2024-03-22
729,HRL,2024032105001380,38,70,10.00,612.00,"6,120.00",2024-03-22
730,HRL,2024032105001383,38,49,10.00,612.00,"6,120.00",2024-03-22
731,HRL,2024032105001384,38,21,10.00,612.00,"6,120.00",2024-03-22
732,HRL,2024032105001390,38,13,10.00,612.00,"6,120.00",2024-03-22
733,HRL,2024032105001391,38,58,40.00,612.00,"24,480.00",2024-03-22
734,HRL,2024032105001397,38,51,20.00,612.30,"12,246.00",2024-03-22
735,HRL,2024032105001398,11,83,38.00,613.00,"23,294.00",2024-03-22
736,HRL,2024032105001399,11,57,90.00,613.00,"55,170.00",2024-03-22
737,HRL,2024032105001400,11,57,20.00,613.00,"12,260.00",2024-03-22
738,HRL,2024032105001401,11,57,20.00,613.00,"12,260.00",2024-03-22
739,HRL,2024032105001402,11,35,10.00,613.00,"6,130.00",2024-03-22
740,HRL,2024032105001403,11,59,10.00,613.00,"6,130.00",2024-03-22
741,HRL,2024032105001404,11,36,20.00,613.00,"12,260.00",2024-03-22
742,HRL,2024032105001405,11,49,20.00,613.00,"12,260.00",2024-03-22
743,HRL,2024032105001406,11,38,102.00,613.00,"62,526.00",2024-03-22
744,HRL,2024032105001407,38,38,20.00,612.00,"12,240.00",2024-03-22
745,HRL,2024032105001408,48,36,10.00,612.00,"6,120.00",2024-03-22
746,HRL,2024032105001410,48,49,10.00,612.00,"6,120.00",2024-03-22
747,HRL,2024032105001412,48,6,30.00,612.00,"18,360.00",2024-03-22
748,HRL,2024032105001413,34,6,25.00,612.00,"15,300.00",2024-03-22
749,HRL,2024032105001414,58,6,65.00,611.10,"39,721.50",2024-03-22
750,HRL,2024032105001418,58,58,10.00,611.10,"6,111.00",2024-03-22
751,HRL,2024032105001420,58,54,10.00,611.10,"6,111.00",2024-03-22
752,HRL,2024032105001422,51,8,10.00,611.10,"6,111.00",2024-03-22
753,HRL,2024032105001432,51,53,10.00,611.10,"6,111.00",2024-03-22
754,HRL,2024032105001433,49,58,10.00,611.10,"6,111.00",2024-03-22
755,HRL,2024032105001436,49,50,10.00,611.00,"6,110.00",2024-03-22
756,HRL,2024032105001437,49,58,10.00,611.00,"6,110.00",2024-03-22
757,HRL,2024032105001440,49,45,10.00,611.00,"6,110.00",2024-03-22
758,HRL,2024032105001443,19,58,20.00,611.10,"12,222.00",2024-03-22
759,HRL,2024032105001444,25,7,10.00,611.00,"6,110.00",2024-03-22
760,HRL,2024032105001445,48,55,10.00,612.00,"6,120.00",2024-03-22
761,HRL,2024032105001446,25,8,10.00,611.00,"6,110.00",2024-03-22
762,HRL,2024032105001447,25,71,10.00,611.00,"6,110.00",2024-03-22
763,HRL,2024032105001448,39,35,10.00,612.00,"6,120.00",2024-03-22
764,HRL,2024032105001449,39,58,20.00,612.00,"12,240.00",2024-03-22
765,HRL,2024032105001451,58,71,10.00,611.20,"6,112.00",2024-03-22
766,HRL,2024032105001453,58,42,10.00,611.20,"6,112.00",2024-03-22
767,HRL,2024032105001455,25,35,70.00,611.00,"42,770.00",2024-03-22
768,HRL,2024032105001456,45,35,150.00,611.00,"91,650.00",2024-03-22
769,HRL,2024032105001457,50,45,10.00,611.00,"6,110.00",2024-03-22
770,HRL,2024032105001458,38,58,10.00,611.50,"6,115.00",2024-03-22
771,HRL,2024032105001459,3,58,10.00,611.50,"6,115.00",2024-03-22
772,HRL,2024032105001460,3,57,10.00,612.00,"6,120.00",2024-03-22
773,HRL,2024032105001461,3,57,10.00,612.00,"6,120.00",2024-03-22
774,HRL,2024032105001462,3,28,20.00,612.00,"12,240.00",2024-03-22
775,HRL,2024032105001463,3,38,10.00,612.00,"6,120.00",2024-03-22
776,HRL,2024032105001464,3,58,10.00,612.00,"6,120.00",2024-03-22
777,HRL,2024032105001465,50,58,10.00,611.00,"6,110.00",2024-03-22
778,HRL,2024032105001466,50,58,20.00,611.00,"12,220.00",2024-03-22
779,HRL,2024032105001474,58,25,20.00,612.10,"12,242.00",2024-03-22
780,HRL,2024032105001475,58,35,10.00,612.30,"6,123.00",2024-03-22
781,HRL,2024032105001478,58,49,10.00,612.30,"6,123.00",2024-03-22
782,HRL,2024032105001482,53,1,100.00,612.90,"61,290.00",2024-03-22
783,HRL,2024032105001483,53,38,400.00,613.00,"245,200.00",2024-03-22
784,HRL,2024032105001484,58,8,10.00,612.30,"6,123.00",2024-03-22
785,HRL,2024032105001485,39,58,10.00,612.00,"6,120.00",2024-03-22
786,HRL,2024032105001487,50,40,20.00,611.00,"12,220.00",2024-03-22
787,HRL,2024032105001488,66,11,10.00,611.10,"6,111.00",2024-03-22
788,HRL,2024032105001491,66,35,10.00,611.10,"6,111.00",2024-03-22
789,HRL,2024032105001492,66,36,47.00,611.10,"28,721.70",2024-03-22
790,HRL,2024032105001493,50,36,40.00,611.00,"24,440.00",2024-03-22
791,HRL,2024032105001494,42,36,10.00,611.00,"6,110.00",2024-03-22
792,HRL,2024032105001498,38,58,10.00,611.00,"6,110.00",2024-03-22
793,HRL,2024032105001499,54,58,20.00,611.00,"12,220.00",2024-03-22
794,HRL,2024032105001500,55,58,20.00,611.10,"12,222.00",2024-03-22
795,HRL,2024032105001501,55,35,20.00,611.90,"12,238.00",2024-03-22
796,HRL,2024032105001502,55,58,10.00,612.00,"6,120.00",2024-03-22
797,HRL,2024032105001503,55,45,20.00,612.00,"12,240.00",2024-03-22
798,HRL,2024032105001504,55,40,10.00,612.00,"6,120.00",2024-03-22
799,HRL,2024032105001505,55,38,42.00,613.00,"25,746.00",2024-03-22
800,HRL,2024032105001506,55,41,10.00,613.00,"6,130.00",2024-03-22
801,HRL,2024032105001507,55,26,10.00,613.00,"6,130.00",2024-03-22
802,HRL,2024032105001508,55,47,10.00,613.00,"6,130.00",2024-03-22
803,HRL,2024032105001509,55,32,10.00,613.00,"6,130.00",2024-03-22
804,HRL,2024032105001510,55,26,10.00,613.00,"6,130.00",2024-03-22
805,HRL,2024032105001511,55,61,20.00,613.00,"12,260.00",2024-03-22
806,HRL,2024032105001512,55,25,100.00,613.00,"61,300.00",2024-03-22
807,HRL,2024032105001514,77,21,10.00,611.50,"6,115.00",2024-03-22
808,HRL,2024032105001515,77,57,10.00,611.50,"6,115.00",2024-03-22
809,HRL,2024032105001516,55,42,10.00,612.00,"6,120.00",2024-03-22
810,HRL,2024032105001517,55,58,30.00,612.00,"18,360.00",2024-03-22
811,HRL,2024032105001518,55,21,420.00,612.00,"257,040.00",2024-03-22
812,HRL,2024032105001521,77,58,10.00,611.50,"6,115.00",2024-03-22
813,HRL,2024032105001522,56,21,10.00,612.00,"6,120.00",2024-03-22
814,HRL,2024032105001526,77,28,192.00,611.50,"117,408.00",2024-03-22
815,HRL,2024032105001527,58,58,10.00,611.90,"6,119.00",2024-03-22
816,HRL,2024032105001530,41,58,10.00,611.90,"6,119.00",2024-03-22
817,HRL,2024032105001537,41,49,20.00,611.90,"12,238.00",2024-03-22
818,HRL,2024032105001538,77,49,10.00,611.50,"6,115.00",2024-03-22
819,HRL,2024032105001539,36,3,20.00,611.60,"12,232.00",2024-03-22
820,HRL,2024032105001541,39,58,10.00,611.90,"6,119.00",2024-03-22
821,HRL,2024032105001542,39,45,10.00,612.00,"6,120.00",2024-03-22
822,HRL,2024032105001543,36,58,20.00,611.60,"12,232.00",2024-03-22
823,HRL,2024032105001544,56,91,20.00,612.00,"12,240.00",2024-03-22
824,HRL,2024032105001549,36,6,10.00,611.60,"6,116.00",2024-03-22
825,HRL,2024032105001550,36,21,10.00,611.60,"6,116.00",2024-03-22
826,HRL,2024032105001552,57,28,20.00,612.00,"12,240.00",2024-03-22
827,HRL,2024032105001553,36,21,70.00,611.60,"42,812.00",2024-03-22
828,HRL,2024032105001554,14,21,25.00,611.60,"15,290.00",2024-03-22
829,HRL,2024032105001555,1,21,100.00,611.60,"61,160.00",2024-03-22
830,HRL,2024032105001559,77,35,238.00,611.50,"145,537.00",2024-03-22
831,HRL,2024032105001560,32,35,62.00,611.50,"37,913.00",2024-03-22
832,HRL,2024032105001564,54,21,142.00,611.60,"86,847.20",2024-03-22
833,HRL,2024032105001566,32,16,30.00,611.50,"18,345.00",2024-03-22
834,HRL,2024032105001567,32,41,100.00,611.50,"61,150.00",2024-03-22
835,HRL,2024032105001568,32,8,30.00,611.50,"18,345.00",2024-03-22
836,HRL,2024032105001569,32,86,778.00,611.50,"475,747.00",2024-03-22
837,HRL,2024032105001570,57,86,138.00,611.10,"84,331.80",2024-03-22
838,HRL,2024032105001571,54,86,130.00,611.00,"79,430.00",2024-03-22
839,HRL,2024032105001572,49,86,50.00,611.00,"30,550.00",2024-03-22
840,HRL,2024032105001573,51,86,17.00,611.00,"10,387.00",2024-03-22
841,HRL,2024032105001574,14,86,20.00,611.00,"12,220.00",2024-03-22
842,HRL,2024032105001575,52,86,100.00,611.00,"61,100.00",2024-03-22
843,HRL,2024032105001576,57,86,100.00,611.00,"61,100.00",2024-03-22
844,HRL,2024032105001577,48,86,146.00,611.00,"89,206.00",2024-03-22
845,HRL,2024032105001578,58,86,20.00,610.50,"12,210.00",2024-03-22
846,HRL,2024032105001580,7,21,300.00,611.50,"183,450.00",2024-03-22
847,HRL,2024032105001581,52,86,50.00,610.30,"30,515.00",2024-03-22
848,HRL,2024032105001582,8,86,100.00,610.30,"61,030.00",2024-03-22
849,HRL,2024032105001583,14,86,25.00,610.20,"15,255.00",2024-03-22
850,HRL,2024032105001584,34,86,100.00,610.20,"61,020.00",2024-03-22
851,HRL,2024032105001585,6,86,70.00,610.10,"42,707.00",2024-03-22
852,HRL,2024032105001586,57,86,120.00,610.10,"73,212.00",2024-03-22
853,HRL,2024032105001587,25,86,100.00,610.10,"61,010.00",2024-03-22
854,HRL,2024032105001588,29,86,305.00,610.00,"186,050.00",2024-03-22
855,HRL,2024032105001589,51,86,10.00,610.00,"6,100.00",2024-03-22
856,HRL,2024032105001590,58,86,10.00,610.00,"6,100.00",2024-03-22
857,HRL,2024032105001591,52,86,20.00,610.00,"12,200.00",2024-03-22
858,HRL,2024032105001592,57,86,200.00,610.00,"122,000.00",2024-03-22
859,HRL,2024032105001593,17,86,300.00,610.00,"183,000.00",2024-03-22
860,HRL,2024032105001594,7,86,300.00,610.00,"183,000.00",2024-03-22
861,HRL,2024032105001595,28,86,200.00,610.00,"122,000.00",2024-03-22
862,HRL,2024032105001596,38,86,10.00,610.00,"6,100.00",2024-03-22
863,HRL,2024032105001597,11,86,30.00,610.00,"18,300.00",2024-03-22
864,HRL,2024032105001598,25,86,10.00,610.00,"6,100.00",2024-03-22
865,HRL,2024032105001599,40,86,200.00,610.00,"122,000.00",2024-03-22
866,HRL,2024032105001600,6,86,100.00,610.00,"61,000.00",2024-03-22
867,HRL,2024032105001601,6,86,150.00,610.00,"91,500.00",2024-03-22
868,HRL,2024032105001602,57,86,30.00,610.00,"18,300.00",2024-03-22
869,HRL,2024032105001603,38,86,80.00,610.00,"48,800.00",2024-03-22
870,HRL,2024032105001604,21,86,20.00,610.00,"12,200.00",2024-03-22
871,HRL,2024032105001605,56,86,100.00,610.00,"61,000.00",2024-03-22
872,HRL,2024032105001606,17,86,200.00,610.00,"122,000.00",2024-03-22
873,HRL,2024032105001607,50,86,10.00,610.00,"6,100.00",2024-03-22
874,HRL,2024032105001608,55,86,30.00,610.00,"18,300.00",2024-03-22
875,HRL,2024032105001609,58,86,30.00,610.00,"18,300.00",2024-03-22
876,HRL,2024032105001610,26,86,45.00,610.00,"27,450.00",2024-03-22
877,HRL,2024032105001611,50,86,45.00,610.00,"27,450.00",2024-03-22
878,HRL,2024032105001613,50,8,10.00,610.00,"6,100.00",2024-03-22
879,HRL,2024032105001615,76,42,10.00,610.10,"6,101.00",2024-03-22
880,HRL,2024032105001620,76,45,30.00,610.10,"18,303.00",2024-03-22
881,HRL,2024032105001621,76,57,10.00,610.10,"6,101.00",2024-03-22
882,HRL,2024032105001622,50,8,10.00,610.00,"6,100.00",2024-03-22
883,HRL,2024032105001626,50,45,10.00,610.00,"6,100.00",2024-03-22
884,HRL,2024032105001627,50,8,10.00,610.00,"6,100.00",2024-03-22
885,HRL,2024032105001628,50,41,10.00,610.00,"6,100.00",2024-03-22
886,HRL,2024032105001630,50,49,20.00,610.00,"12,200.00",2024-03-22
887,HRL,2024032105001631,50,58,20.00,610.00,"12,200.00",2024-03-22
888,HRL,2024032105001632,50,45,35.00,610.00,"21,350.00",2024-03-22
889,HRL,2024032105001633,58,49,10.00,610.10,"6,101.00",2024-03-22
890,HRL,2024032105001634,50,46,20.00,610.00,"12,200.00",2024-03-22
891,HRL,2024032105001638,50,52,10.00,610.00,"6,100.00",2024-03-22
892,HRL,2024032105001642,58,58,10.00,610.00,"6,100.00",2024-03-22
893,HRL,2024032105001645,26,8,10.00,609.70,"6,097.00",2024-03-22
894,HRL,2024032105001647,34,8,10.00,609.80,"6,098.00",2024-03-22
895,HRL,2024032105001651,67,58,20.00,610.00,"12,200.00",2024-03-22
896,HRL,2024032105001656,67,35,10.00,610.00,"6,100.00",2024-03-22
897,HRL,2024032105001657,67,34,10.00,610.00,"6,100.00",2024-03-22
898,HRL,2024032105001658,7,58,10.00,611.00,"6,110.00",2024-03-22
899,HRL,2024032105001659,7,58,10.00,611.00,"6,110.00",2024-03-22
900,HRL,2024032105001662,67,8,10.00,610.00,"6,100.00",2024-03-22
901,HRL,2024032105001666,67,33,10.00,610.00,"6,100.00",2024-03-22
902,HRL,2024032105001667,67,22,10.00,610.00,"6,100.00",2024-03-22
903,HRL,2024032105001668,67,21,300.00,610.00,"183,000.00",2024-03-22
904,HRL,2024032105001670,67,32,10.00,610.00,"6,100.00",2024-03-22
905,HRL,2024032105001671,41,58,50.00,611.00,"30,550.00",2024-03-22
906,HRL,2024032105001672,25,58,17.00,611.00,"10,387.00",2024-03-22
907,HRL,2024032105001676,25,58,23.00,611.00,"14,053.00",2024-03-22
908,HRL,2024032105001677,25,48,10.00,611.00,"6,110.00",2024-03-22
909,HRL,2024032105001678,25,38,10.00,611.00,"6,110.00",2024-03-22
910,HRL,2024032105001680,25,86,27.00,611.00,"16,497.00",2024-03-22
911,HRL,2024032105001681,67,86,473.00,610.00,"288,530.00",2024-03-22
912,HRL,2024032105001682,42,56,10.00,611.50,"6,115.00",2024-03-22
913,HRL,2024032105001683,67,39,20.00,610.00,"12,200.00",2024-03-22
914,HRL,2024032105001684,51,86,"1,000.00",610.10,"610,100.00",2024-03-22
915,HRL,2024032105001685,39,8,10.00,610.10,"6,101.00",2024-03-22
916,HRL,2024032105001686,46,42,10.00,612.00,"6,120.00",2024-03-22
917,HRL,2024032105001687,46,91,20.00,612.00,"12,240.00",2024-03-22
918,HRL,2024032105001688,46,57,20.00,612.00,"12,240.00",2024-03-22
919,HRL,2024032105001689,46,40,10.00,612.00,"6,120.00",2024-03-22
920,HRL,2024032105001690,46,1,440.00,612.00,"269,280.00",2024-03-22
921,HRL,2024032105001691,39,34,10.00,610.10,"6,101.00",2024-03-22
922,HRL,2024032105001694,34,57,10.00,611.00,"6,110.00",2024-03-22
923,HRL,2024032105001696,34,1,28.00,611.00,"17,108.00",2024-03-22
924,HRL,2024032105001702,34,25,52.00,611.00,"31,772.00",2024-03-22
925,HRL,2024032105001703,76,25,50.00,610.20,"30,510.00",2024-03-22
926,HRL,2024032105001704,51,25,"1,000.00",610.10,"610,100.00",2024-03-22
927,HRL,2024032105001705,67,25,27.00,610.00,"16,470.00",2024-03-22
928,HRL,2024032105001706,16,25,70.00,610.00,"42,700.00",2024-03-22
929,HRL,2024032105001707,39,25,50.00,610.00,"30,500.00",2024-03-22
930,HRL,2024032105001708,55,25,200.00,610.00,"122,000.00",2024-03-22
931,HRL,2024032105001709,48,25,151.00,610.00,"92,110.00",2024-03-22
932,HRL,2024032105001710,48,58,9.00,610.00,"5,490.00",2024-03-22
933,HRL,2024032105001726,17,50,20.00,611.00,"12,220.00",2024-03-22
934,HRL,2024032105001727,17,58,20.00,611.00,"12,220.00",2024-03-22
935,HRL,2024032105001742,76,47,20.00,609.90,"12,198.00",2024-03-22
936,HRL,2024032105001743,76,58,20.00,609.90,"12,198.00",2024-03-22
937,HRL,2024032105001745,76,58,10.00,609.90,"6,099.00",2024-03-22
938,HRL,2024032105001746,62,45,12.00,610.50,"7,326.00",2024-03-22
939,HRL,2024032105001748,34,35,90.00,609.80,"54,882.00",2024-03-22
940,HRL,2024032105001749,5,35,50.00,609.80,"30,490.00",2024-03-22
941,HRL,2024032105001750,58,45,10.00,610.00,"6,100.00",2024-03-22
942,HRL,2024032105001751,5,35,10.00,609.80,"6,098.00",2024-03-22
943,HRL,2024032105001752,58,49,10.00,610.00,"6,100.00",2024-03-22
944,HRL,2024032105001753,33,45,10.00,610.00,"6,100.00",2024-03-22
945,HRL,2024032105001754,43,37,10.00,610.00,"6,100.00",2024-03-22
946,HRL,2024032105001760,43,57,20.00,610.00,"12,200.00",2024-03-22
947,HRL,2024032105001761,57,26,10.00,611.00,"6,110.00",2024-03-22
948,HRL,2024032105001762,43,42,20.00,610.00,"12,200.00",2024-03-22
949,HRL,2024032105001763,43,7,10.00,610.00,"6,100.00",2024-03-22
950,HRL,2024032105001764,43,8,10.00,610.00,"6,100.00",2024-03-22
951,HRL,2024032105001765,43,71,430.00,610.00,"262,300.00",2024-03-22
952,HRL,2024032105001766,26,71,70.00,610.00,"42,700.00",2024-03-22
953,HRL,2024032105001767,26,75,120.00,610.00,"73,200.00",2024-03-22
954,HRL,2024032105001768,42,58,10.00,610.50,"6,105.00",2024-03-22
955,HRL,2024032105001769,42,19,10.00,610.50,"6,105.00",2024-03-22
956,HRL,2024032105001774,42,34,30.00,610.50,"18,315.00",2024-03-22
957,HRL,2024032105001777,42,58,20.00,610.50,"12,210.00",2024-03-22
958,HRL,2024032105001779,42,28,10.00,610.50,"6,105.00",2024-03-22
959,HRL,2024032105001781,28,29,20.00,611.00,"12,220.00",2024-03-22
960,HRL,2024032105001782,28,49,10.00,611.00,"6,110.00",2024-03-22
961,HRL,2024032105001783,28,34,10.00,611.00,"6,110.00",2024-03-22
962,HRL,2024032105001784,28,57,10.00,611.50,"6,115.00",2024-03-22
963,HRL,2024032105001785,28,22,10.00,611.50,"6,115.00",2024-03-22
964,HRL,2024032105001786,28,20,20.00,611.90,"12,238.00",2024-03-22
965,HRL,2024032105001787,28,57,10.00,611.90,"6,119.00",2024-03-22
966,HRL,2024032105001788,42,49,10.00,610.50,"6,105.00",2024-03-22
967,HRL,2024032105001791,49,47,10.00,611.00,"6,110.00",2024-03-22
968,HRL,2024032105001792,49,58,20.00,611.00,"12,220.00",2024-03-22
969,HRL,2024032105001793,49,46,10.00,611.00,"6,110.00",2024-03-22
970,HRL,2024032105001795,49,5,10.00,611.00,"6,110.00",2024-03-22
971,HRL,2024032105001796,49,49,10.00,611.00,"6,110.00",2024-03-22
972,HRL,2024032105001797,49,5,10.00,611.00,"6,110.00",2024-03-22
973,HRL,2024032105001802,38,1,50.00,612.00,"30,600.00",2024-03-22
974,HRL,2024032105001803,49,49,20.00,611.00,"12,220.00",2024-03-22
975,HRL,2024032105001805,49,58,10.00,611.00,"6,110.00",2024-03-22
976,HRL,2024032105001806,41,58,10.00,611.00,"6,110.00",2024-03-22
977,HRL,2024032105001809,41,51,20.00,611.00,"12,220.00",2024-03-22
978,HRL,2024032105001810,58,1,10.00,612.00,"6,120.00",2024-03-22
979,HRL,2024032105001811,41,25,10.00,611.00,"6,110.00",2024-03-22
980,HRL,2024032105001812,41,56,10.00,611.00,"6,110.00",2024-03-22
981,HRL,2024032105001817,42,6,10.00,610.60,"6,106.00",2024-03-22
982,HRL,2024032105001818,42,46,10.00,610.60,"6,106.00",2024-03-22
983,HRL,2024032105001821,42,10,10.00,610.60,"6,106.00",2024-03-22
984,HRL,2024032105001822,48,59,40.00,610.60,"24,424.00",2024-03-22
985,HRL,2024032105001826,48,58,30.00,610.60,"18,318.00",2024-03-22
986,HRL,2024032105001827,41,58,20.00,610.60,"12,212.00",2024-03-22
987,HRL,2024032105001828,42,58,10.00,610.50,"6,105.00",2024-03-22
988,HRL,2024032105001830,42,56,10.00,610.50,"6,105.00",2024-03-22
989,HRL,2024032105001832,42,42,20.00,610.50,"12,210.00",2024-03-22
990,HRL,2024032105001836,42,42,20.00,610.50,"12,210.00",2024-03-22
991,HRL,2024032105001838,42,49,50.00,610.50,"30,525.00",2024-03-22
992,HRL,2024032105001839,42,49,30.00,610.20,"18,306.00",2024-03-22
993,HRL,2024032105001840,35,49,30.00,610.10,"18,303.00",2024-03-22
994,HRL,2024032105001841,6,49,90.00,610.10,"54,909.00",2024-03-22
995,HRL,2024032105001842,28,55,50.00,610.60,"30,530.00",2024-03-22
996,HRL,2024032105001843,28,58,60.00,611.00,"36,660.00",2024-03-22
997,HRL,2024032105001844,6,86,210.00,610.10,"128,121.00",2024-03-22
998,HRL,2024032105001845,38,86,50.00,610.10,"30,505.00",2024-03-22
999,HRL,2024032105001846,26,86,90.00,610.00,"54,900.00",2024-03-22
1000,HRL,2024032105001847,49,86,100.00,610.00,"61,000.00",2024-03-22
1001,HRL,2024032105001848,7,86,10.00,610.00,"6,100.00",2024-03-22
1002,HRL,2024032105001849,57,86,10.00,610.00,"6,100.00",2024-03-22
1003,HRL,2024032105001850,22,86,50.00,610.00,"30,500.00",2024-03-22
1004,HRL,2024032105001851,58,86,100.00,610.00,"61,000.00",2024-03-22
1005,HRL,2024032105001852,34,86,380.00,610.00,"231,800.00",2024-03-22
1006,HRL,2024032105001856,34,58,20.00,610.00,"12,200.00",2024-03-22
1007,HRL,2024032105001858,34,86,100.00,610.00,"61,000.00",2024-03-22
1008,HRL,2024032105001859,51,86,10.00,610.00,"6,100.00",2024-03-22
1009,HRL,2024032105001860,17,86,300.00,610.00,"183,000.00",2024-03-22
1010,HRL,2024032105001861,46,86,90.00,610.00,"54,900.00",2024-03-22
1011,HRL,2024032105001863,45,42,20.00,610.50,"12,210.00",2024-03-22
1012,HRL,2024032105001864,45,47,10.00,611.00,"6,110.00",2024-03-22
1013,HRL,2024032105001868,45,75,80.00,611.00,"48,880.00",2024-03-22
1014,HRL,2024032105001869,58,75,30.00,610.10,"18,303.00",2024-03-22
1015,HRL,2024032105001873,46,86,160.00,610.00,"97,600.00",2024-03-22
1016,HRL,2024032105001874,42,86,100.00,610.00,"61,000.00",2024-03-22
1017,HRL,2024032105001875,41,86,50.00,609.90,"30,495.00",2024-03-22
1018,HRL,2024032105001876,5,86,140.00,609.80,"85,372.00",2024-03-22
1019,HRL,2024032105001877,42,86,50.00,609.80,"30,490.00",2024-03-22
1020,HRL,2024032105001886,32,56,10.00,610.00,"6,100.00",2024-03-22
1021,HRL,2024032105001887,32,10,10.00,610.00,"6,100.00",2024-03-22
1022,HRL,2024032105001891,32,55,20.00,610.00,"12,200.00",2024-03-22
1023,HRL,2024032105001897,32,63,10.00,610.00,"6,100.00",2024-03-22
1024,HRL,2024032105001899,32,58,20.00,610.00,"12,200.00",2024-03-22
1025,HRL,2024032105001902,32,55,10.00,610.00,"6,100.00",2024-03-22
1026,HRL,2024032105001909,32,86,20.00,610.00,"12,200.00",2024-03-22
1027,HRL,2024032105001910,41,86,10.00,610.00,"6,100.00",2024-03-22
1028,HRL,2024032105001911,6,86,20.00,610.00,"12,200.00",2024-03-22
1029,HRL,2024032105001912,42,86,50.00,609.80,"30,490.00",2024-03-22
1030,HRL,2024032105001913,26,86,90.00,609.70,"54,873.00",2024-03-22
1031,HRL,2024032105001914,13,86,40.00,609.60,"24,384.00",2024-03-22
1032,HRL,2024032105001915,19,86,500.00,609.60,"304,800.00",2024-03-22
1033,HRL,2024032105001916,8,86,15.00,609.50,"9,142.50",2024-03-22
1034,HRL,2024032105001917,4,86,20.00,609.50,"12,190.00",2024-03-22
1035,HRL,2024032105001918,4,86,100.00,609.50,"60,950.00",2024-03-22
1036,HRL,2024032105001919,21,86,30.00,609.50,"18,285.00",2024-03-22
1037,HRL,2024032105001920,53,86,50.00,609.50,"30,475.00",2024-03-22
1038,HRL,2024032105001921,22,86,50.00,609.40,"30,470.00",2024-03-22
1039,HRL,2024032105001923,22,86,70.00,610.00,"42,700.00",2024-03-22
1040,HRL,2024032105001924,47,86,200.00,609.40,"121,880.00",2024-03-22
1041,HRL,2024032105001925,10,86,300.00,609.30,"182,790.00",2024-03-22
1042,HRL,2024032105001926,62,86,100.00,609.30,"60,930.00",2024-03-22
1043,HRL,2024032105001927,34,86,50.00,609.30,"30,465.00",2024-03-22
1044,HRL,2024032105001928,49,86,50.00,609.30,"30,465.00",2024-03-22
1045,HRL,2024032105001929,38,86,50.00,609.20,"30,460.00",2024-03-22
1046,HRL,2024032105001930,3,86,180.00,609.20,"109,656.00",2024-03-22
1047,HRL,2024032105001932,16,41,10.00,610.00,"6,100.00",2024-03-22
1048,HRL,2024032105001933,16,86,90.00,610.00,"54,900.00",2024-03-22
1049,HRL,2024032105001934,3,86,92.00,609.20,"56,046.40",2024-03-22
1050,HRL,2024032105001935,14,86,50.00,609.20,"30,460.00",2024-03-22
1051,HRL,2024032105001936,58,86,58.00,609.10,"35,327.80",2024-03-22
1052,HRL,2024032105001937,38,86,10.00,609.10,"6,091.00",2024-03-22
1053,HRL,2024032105001938,58,86,46.00,609.00,"28,014.00",2024-03-22
1054,HRL,2024032105001939,42,86,50.00,609.00,"30,450.00",2024-03-22
1055,HRL,2024032105001940,49,86,83.00,609.00,"50,547.00",2024-03-22
1056,HRL,2024032105001941,22,86,20.00,609.00,"12,180.00",2024-03-22
1057,HRL,2024032105001942,54,86,20.00,609.00,"12,180.00",2024-03-22
1058,HRL,2024032105001943,42,86,78.00,609.00,"47,502.00",2024-03-22
1059,HRL,2024032105001944,29,86,500.00,609.00,"304,500.00",2024-03-22
1060,HRL,2024032105001945,58,86,18.00,609.00,"10,962.00",2024-03-22
1061,HRL,2024032105001946,45,86,50.00,609.00,"30,450.00",2024-03-22
1062,HRL,2024032105001947,25,86,20.00,609.00,"12,180.00",2024-03-22
1063,HRL,2024032105001948,76,86,100.00,609.00,"60,900.00",2024-03-22
1064,HRL,2024032105001949,14,86,20.00,609.00,"12,180.00",2024-03-22
1065,HRL,2024032105001950,16,86,100.00,609.00,"60,900.00",2024-03-22
1066,HRL,2024032105001951,58,86,55.00,609.00,"33,495.00",2024-03-22
1067,HRL,2024032105001952,17,86,30.00,609.00,"18,270.00",2024-03-22
1068,HRL,2024032105001953,37,86,80.00,609.00,"48,720.00",2024-03-22
1069,HRL,2024032105001954,49,86,15.00,609.00,"9,135.00",2024-03-22
1070,HRL,2024032105001955,57,86,50.00,609.00,"30,450.00",2024-03-22
1071,HRL,2024032105001956,58,86,20.00,609.00,"12,180.00",2024-03-22
1072,HRL,2024032105001957,26,86,100.00,609.00,"60,900.00",2024-03-22
1073,HRL,2024032105001958,34,86,200.00,609.00,"121,800.00",2024-03-22
1074,HRL,2024032105001959,34,86,45.00,609.00,"27,405.00",2024-03-22
1075,HRL,2024032105001963,34,57,10.00,609.00,"6,090.00",2024-03-22
1076,HRL,2024032105001964,13,45,10.00,610.00,"6,100.00",2024-03-22
1077,HRL,2024032105001970,34,28,10.00,609.00,"6,090.00",2024-03-22
1078,HRL,2024032105001973,34,75,20.00,609.00,"12,180.00",2024-03-22
1079,HRL,2024032105001975,34,10,15.00,609.00,"9,135.00",2024-03-22
1080,HRL,2024032105001976,68,51,10.00,609.00,"6,090.00",2024-03-22
1081,HRL,2024032105001979,42,58,10.00,609.50,"6,095.00",2024-03-22
1082,HRL,2024032105001980,68,40,105.00,609.00,"63,945.00",2024-03-22
1083,HRL,2024032105001981,68,28,10.00,609.00,"6,090.00",2024-03-22
1084,HRL,2024032105001982,68,45,10.00,609.00,"6,090.00",2024-03-22
1085,HRL,2024032105001983,68,55,10.00,609.00,"6,090.00",2024-03-22
1086,HRL,2024032105001984,3,21,10.00,609.80,"6,098.00",2024-03-22
1087,HRL,2024032105001985,3,94,750.00,610.00,"457,500.00",2024-03-22
1088,HRL,2024032105001986,3,16,20.00,610.00,"12,200.00",2024-03-22
1089,HRL,2024032105001987,3,20,20.00,610.00,"12,200.00",2024-03-22
1090,HRL,2024032105001990,34,25,10.00,609.50,"6,095.00",2024-03-22
1091,HRL,2024032105001991,56,28,10.00,609.10,"6,091.00",2024-03-22
1092,HRL,2024032105001993,39,57,10.00,609.20,"6,092.00",2024-03-22
1093,HRL,2024032105001994,39,36,10.00,609.20,"6,092.00",2024-03-22
1094,HRL,2024032105001995,56,47,20.00,609.10,"12,182.00",2024-03-22
1095,HRL,2024032105001996,65,14,10.00,609.10,"6,091.00",2024-03-22
1096,HRL,2024032105001998,42,16,20.00,609.20,"12,184.00",2024-03-22
1097,HRL,2024032105001999,50,25,10.00,609.40,"6,094.00",2024-03-22
1098,HRL,2024032105002004,65,48,20.00,609.10,"12,182.00",2024-03-22
1099,HRL,2024032105002005,65,38,20.00,609.10,"12,182.00",2024-03-22
1100,HRL,2024032105002009,13,16,10.00,610.00,"6,100.00",2024-03-22
1101,HRL,2024032105002010,13,35,40.00,610.00,"24,400.00",2024-03-22
1102,HRL,2024032105002011,13,8,30.00,610.00,"18,300.00",2024-03-22
1103,HRL,2024032105002012,13,47,10.00,610.00,"6,100.00",2024-03-22
1104,HRL,2024032105002013,13,52,10.00,610.00,"6,100.00",2024-03-22
1105,HRL,2024032105002026,5,52,30.00,610.00,"18,300.00",2024-03-22
1106,HRL,2024032105002027,52,6,10.00,611.00,"6,110.00",2024-03-22
1107,HRL,2024032105002032,52,38,10.00,611.00,"6,110.00",2024-03-22
1108,HRL,2024032105002033,5,38,10.00,610.00,"6,100.00",2024-03-22
1109,HRL,2024032105002039,5,6,10.00,610.00,"6,100.00",2024-03-22
1110,HRL,2024032105002040,5,26,10.00,610.00,"6,100.00",2024-03-22
1111,HRL,2024032105002041,5,55,10.00,610.00,"6,100.00",2024-03-22
1112,HRL,2024032105002051,13,1,200.00,612.00,"122,400.00",2024-03-22
1113,HRL,2024032105002052,59,38,10.00,610.10,"6,101.00",2024-03-22
1114,HRL,2024032105002056,46,11,10.00,611.00,"6,110.00",2024-03-22
1115,HRL,2024032105002059,29,1,30.00,612.00,"18,360.00",2024-03-22
1116,HRL,2024032105002060,59,58,10.00,610.10,"6,101.00",2024-03-22
1117,HRL,2024032105002064,59,45,10.00,610.10,"6,101.00",2024-03-22
1118,HRL,2024032105002068,59,75,20.00,610.10,"12,202.00",2024-03-22
1119,HRL,2024032105002086,59,8,27.00,610.10,"16,472.70",2024-03-22
1120,HRL,2024032105002096,25,35,500.00,611.00,"305,500.00",2024-03-22
1121,HRL,2024032105002097,45,58,20.00,611.00,"12,220.00",2024-03-22
1122,HRL,2024032105002100,45,75,20.00,611.00,"12,220.00",2024-03-22
1123,HRL,2024032105002101,45,8,10.00,611.00,"6,110.00",2024-03-22
1124,HRL,2024032105002104,45,58,10.00,611.00,"6,110.00",2024-03-22
1125,HRL,2024032105002106,45,42,15.00,611.00,"9,165.00",2024-03-22
1126,HRL,2024032105002107,45,3,20.00,611.00,"12,220.00",2024-03-22
1127,HRL,2024032105002109,51,48,40.00,610.30,"24,412.00",2024-03-22
1128,HRL,2024032105002111,51,86,760.00,610.30,"463,828.00",2024-03-22
1129,HRL,2024032105002112,49,86,50.00,610.20,"30,510.00",2024-03-22
1130,HRL,2024032105002113,59,86,23.00,610.10,"14,032.30",2024-03-22
1131,HRL,2024032105002114,5,86,167.00,610.00,"101,870.00",2024-03-22
1132,HRL,2024032105002119,5,75,10.00,610.00,"6,100.00",2024-03-22
1133,HRL,2024032105002123,35,57,20.00,610.00,"12,200.00",2024-03-22
1134,HRL,2024032105002126,35,58,10.00,610.00,"6,100.00",2024-03-22
1135,HRL,2024032105002127,35,57,30.00,610.00,"18,300.00",2024-03-22
1136,HRL,2024032105002130,35,58,30.00,610.00,"18,300.00",2024-03-22
1137,HRL,2024032105002131,10,6,10.00,611.00,"6,110.00",2024-03-22
1138,HRL,2024032105002132,10,56,20.00,611.00,"12,220.00",2024-03-22
1139,HRL,2024032105002133,35,38,10.00,610.00,"6,100.00",2024-03-22
1140,HRL,2024032105002134,6,75,20.00,610.00,"12,200.00",2024-03-22
1141,HRL,2024032105002141,6,53,10.00,610.00,"6,100.00",2024-03-22
1142,HRL,2024032105002142,6,58,10.00,610.00,"6,100.00",2024-03-22
1143,HRL,2024032105002143,6,38,60.00,610.00,"36,600.00",2024-03-22
1144,HRL,2024032105002144,58,38,20.00,610.00,"12,200.00",2024-03-22
1145,HRL,2024032105002145,16,38,20.00,610.00,"12,200.00",2024-03-22
1146,HRL,2024032105002146,38,38,100.00,610.00,"61,000.00",2024-03-22
1147,HRL,2024032105002147,38,41,10.00,610.00,"6,100.00",2024-03-22
1148,HRL,2024032105002149,38,14,10.00,610.00,"6,100.00",2024-03-22
1149,HRL,2024032105002152,38,50,10.00,610.00,"6,100.00",2024-03-22
1150,HRL,2024032105002153,38,51,30.00,610.00,"18,300.00",2024-03-22
1151,HRL,2024032105002161,38,57,10.00,610.00,"6,100.00",2024-03-22
1152,HRL,2024032105002164,38,14,10.00,610.00,"6,100.00",2024-03-22
1153,HRL,2024032105002165,7,63,10.00,610.00,"6,100.00",2024-03-22
1154,HRL,2024032105002167,22,25,40.00,610.00,"24,400.00",2024-03-22
1155,HRL,2024032105002168,22,41,10.00,610.00,"6,100.00",2024-03-22
1156,HRL,2024032105002169,45,41,10.00,610.00,"6,100.00",2024-03-22
1157,HRL,2024032105002171,45,40,20.00,610.00,"12,200.00",2024-03-22
1158,HRL,2024032105002172,45,58,10.00,610.00,"6,100.00",2024-03-22
1159,HRL,2024032105002176,45,58,20.00,610.00,"12,200.00",2024-03-22
1160,HRL,2024032105002177,45,49,10.00,610.00,"6,100.00",2024-03-22
1161,HRL,2024032105002179,45,55,20.00,610.00,"12,200.00",2024-03-22
1162,HRL,2024032105002180,45,87,10.00,610.00,"6,100.00",2024-03-22
1163,HRL,2024032105002181,34,34,20.00,610.50,"12,210.00",2024-03-22
1164,HRL,2024032105002183,38,51,30.00,610.00,"18,300.00",2024-03-22
1165,HRL,2024032105002184,38,17,50.00,610.00,"30,500.00",2024-03-22
1166,HRL,2024032105002185,38,40,20.00,610.00,"12,200.00",2024-03-22
1167,HRL,2024032105002191,57,21,30.00,610.00,"18,300.00",2024-03-22
1168,HRL,2024032105002192,33,42,10.00,610.50,"6,105.00",2024-03-22
1169,HRL,2024032105002193,68,42,20.00,610.00,"12,200.00",2024-03-22
1170,HRL,2024032105002195,68,35,10.00,610.00,"6,100.00",2024-03-22
1171,HRL,2024032105002203,68,45,64.00,610.00,"39,040.00",2024-03-22
1172,HRL,2024032105002210,45,35,20.00,610.30,"12,206.00",2024-03-22
1173,HRL,2024032105002211,45,35,10.00,610.30,"6,103.00",2024-03-22
1174,HRL,2024032105002215,45,28,10.00,610.30,"6,103.00",2024-03-22
1175,HRL,2024032105002216,45,16,10.00,610.30,"6,103.00",2024-03-22
1176,HRL,2024032105002221,45,35,20.00,610.30,"12,206.00",2024-03-22
1177,HRL,2024032105002223,45,42,20.00,610.30,"12,206.00",2024-03-22
1178,HRL,2024032105002224,45,45,110.00,610.30,"67,133.00",2024-03-22
1179,HRL,2024032105002225,33,45,40.00,610.30,"24,412.00",2024-03-22
1180,HRL,2024032105002226,51,45,800.00,610.10,"488,080.00",2024-03-22
1181,HRL,2024032105002227,68,45,50.00,610.00,"30,500.00",2024-03-22
1182,HRL,2024032105002228,68,41,10.00,610.00,"6,100.00",2024-03-22
1183,HRL,2024032105002232,68,38,10.00,610.00,"6,100.00",2024-03-22
1184,HRL,2024032105002233,68,49,20.00,610.00,"12,200.00",2024-03-22
1185,HRL,2024032105002236,68,45,500.00,610.00,"305,000.00",2024-03-22
1186,HRL,2024032105002238,68,26,100.00,610.00,"61,000.00",2024-03-22
1187,HRL,2024032105002244,13,56,10.00,610.20,"6,102.00",2024-03-22
1188,HRL,2024032105002247,13,34,15.00,610.20,"9,153.00",2024-03-22
1189,HRL,2024032105002249,13,47,10.00,610.20,"6,102.00",2024-03-22
1190,HRL,2024032105002250,13,25,20.00,610.20,"12,204.00",2024-03-22
1191,HRL,2024032105002255,42,14,10.00,610.50,"6,105.00",2024-03-22
1192,HRL,2024032105002256,42,35,10.00,610.90,"6,109.00",2024-03-22
1193,HRL,2024032105002257,42,56,10.00,611.00,"6,110.00",2024-03-22
1194,HRL,2024032105002258,42,28,10.00,611.00,"6,110.00",2024-03-22
1195,HRL,2024032105002259,42,58,20.00,611.00,"12,220.00",2024-03-22
1196,HRL,2024032105002260,42,29,10.00,611.00,"6,110.00",2024-03-22
1197,HRL,2024032105002261,42,90,10.00,611.00,"6,110.00",2024-03-22
1198,HRL,2024032105002262,42,35,20.00,611.00,"12,220.00",2024-03-22
1199,HRL,2024032105002266,53,51,100.00,610.30,"61,030.00",2024-03-22
1200,HRL,2024032105002269,34,51,10.00,610.50,"6,105.00",2024-03-22
1201,HRL,2024032105002272,13,41,10.00,610.20,"6,102.00",2024-03-22
1202,HRL,2024032105002273,13,38,10.00,610.20,"6,102.00",2024-03-22
1203,HRL,2024032105002281,46,55,10.00,610.30,"6,103.00",2024-03-22
1204,HRL,2024032105002288,46,29,10.00,610.30,"6,103.00",2024-03-22
1205,HRL,2024032105002292,46,16,10.00,610.30,"6,103.00",2024-03-22
1206,HRL,2024032105002294,46,86,80.00,610.30,"48,824.00",2024-03-22
1207,HRL,2024032105002295,46,36,40.00,610.30,"24,412.00",2024-03-22
1208,HRL,2024032105002296,56,36,60.00,610.30,"36,618.00",2024-03-22
1209,HRL,2024032105002298,55,62,20.00,611.00,"12,220.00",2024-03-22
1210,HRL,2024032105002299,55,64,10.00,611.00,"6,110.00",2024-03-22
1211,HRL,2024032105002307,89,29,20.00,611.00,"12,220.00",2024-03-22
1212,HRL,2024032105002308,89,58,20.00,611.00,"12,220.00",2024-03-22
1213,HRL,2024032105002309,89,22,10.00,611.00,"6,110.00",2024-03-22
1214,HRL,2024032105002310,89,75,20.00,611.00,"12,220.00",2024-03-22
1215,HRL,2024032105002311,89,56,20.00,611.00,"12,220.00",2024-03-22
1216,HRL,2024032105002312,89,56,10.00,611.00,"6,110.00",2024-03-22
1217,HRL,2024032105002313,89,14,30.00,611.00,"18,330.00",2024-03-22
1218,HRL,2024032105002314,89,75,20.00,611.00,"12,220.00",2024-03-22
1219,HRL,2024032105002315,89,20,20.00,611.50,"12,230.00",2024-03-22
1220,HRL,2024032105002316,89,34,50.00,611.50,"30,575.00",2024-03-22
1221,HRL,2024032105002317,89,35,20.00,611.90,"12,238.00",2024-03-22
1222,HRL,2024032105002318,89,55,10.00,611.90,"6,119.00",2024-03-22
1223,HRL,2024032105002319,89,1,270.00,612.00,"165,240.00",2024-03-22
1224,HRL,2024032105002320,89,75,20.00,612.00,"12,240.00",2024-03-22
1225,HRL,2024032105002321,89,29,10.00,612.00,"6,120.00",2024-03-22
1226,HRL,2024032105002322,89,38,20.00,612.00,"12,240.00",2024-03-22
1227,HRL,2024032105002323,89,41,20.00,612.00,"12,240.00",2024-03-22
1228,HRL,2024032105002324,89,14,10.00,612.00,"6,120.00",2024-03-22
1229,HRL,2024032105002325,89,45,10.00,612.00,"6,120.00",2024-03-22
1230,HRL,2024032105002326,89,6,10.00,612.00,"6,120.00",2024-03-22
1231,HRL,2024032105002327,89,11,10.00,612.00,"6,120.00",2024-03-22
1232,HRL,2024032105002328,89,39,10.00,612.00,"6,120.00",2024-03-22
1233,HRL,2024032105002329,89,45,10.00,612.00,"6,120.00",2024-03-22
1234,HRL,2024032105002330,89,34,30.00,612.00,"18,360.00",2024-03-22
1235,HRL,2024032105002331,89,21,10.00,612.00,"6,120.00",2024-03-22
1236,HRL,2024032105002332,89,7,10.00,612.00,"6,120.00",2024-03-22
1237,HRL,2024032105002333,89,21,30.00,612.00,"18,360.00",2024-03-22
1238,HRL,2024032105002334,89,52,10.00,612.00,"6,120.00",2024-03-22
1239,HRL,2024032105002335,89,50,165.00,612.00,"100,980.00",2024-03-22
1240,HRL,2024032105002336,89,58,10.00,612.00,"6,120.00",2024-03-22
1241,HRL,2024032105002337,89,49,20.00,612.00,"12,240.00",2024-03-22
1242,HRL,2024032105002341,89,45,20.00,612.00,"12,240.00",2024-03-22
1243,HRL,2024032105002345,89,32,10.00,612.00,"6,120.00",2024-03-22
1244,HRL,2024032105002347,89,59,10.00,612.00,"6,120.00",2024-03-22
1245,HRL,2024032105002348,89,75,20.00,612.00,"12,240.00",2024-03-22
1246,HRL,2024032105002355,49,53,10.00,610.50,"6,105.00",2024-03-22
1247,HRL,2024032105002356,58,65,20.00,610.40,"12,208.00",2024-03-22
1248,HRL,2024032105002357,56,65,140.00,610.30,"85,442.00",2024-03-22
1249,HRL,2024032105002358,13,65,125.00,610.20,"76,275.00",2024-03-22
1250,HRL,2024032105002359,43,65,125.00,610.20,"76,275.00",2024-03-22
1251,HRL,2024032105002360,59,65,30.00,610.20,"18,306.00",2024-03-22
1252,HRL,2024032105002361,37,65,"1,000.00",610.10,"610,100.00",2024-03-22
1253,HRL,2024032105002362,68,65,154.00,610.00,"93,940.00",2024-03-22
1254,HRL,2024032105002363,68,65,917.00,610.00,"559,370.00",2024-03-22
1255,HRL,2024032105002364,41,65,10.00,610.00,"6,100.00",2024-03-22
1256,HRL,2024032105002365,58,65,10.00,610.00,"6,100.00",2024-03-22
1257,HRL,2024032105002366,42,65,52.00,610.00,"31,720.00",2024-03-22
1258,HRL,2024032105002367,22,65,100.00,610.00,"61,000.00",2024-03-22
1259,HRL,2024032105002368,58,65,10.00,610.00,"6,100.00",2024-03-22
1260,HRL,2024032105002369,4,65,30.00,609.50,"18,285.00",2024-03-22
1261,HRL,2024032105002370,41,65,10.00,609.50,"6,095.00",2024-03-22
1262,HRL,2024032105002371,57,65,40.00,609.50,"24,380.00",2024-03-22
1263,HRL,2024032105002372,54,65,10.00,609.40,"6,094.00",2024-03-22
1264,HRL,2024032105002373,89,65,"3,811.00",609.40,"2,322,423.40",2024-03-22
1265,HRL,2024032105002374,89,45,10.00,609.40,"6,094.00",2024-03-22
1266,HRL,2024032105002375,25,42,20.00,609.50,"12,190.00",2024-03-22
1267,HRL,2024032105002376,25,21,45.00,609.50,"27,427.50",2024-03-22
1268,HRL,2024032105002377,25,86,235.00,609.50,"143,232.50",2024-03-22
1269,HRL,2024032105002378,89,86,"1,179.00",609.40,"718,482.60",2024-03-22
1270,HRL,2024032105002379,35,86,30.00,609.30,"18,279.00",2024-03-22
1271,HRL,2024032105002380,43,86,70.00,609.30,"42,651.00",2024-03-22
1272,HRL,2024032105002381,52,86,200.00,609.30,"121,860.00",2024-03-22
1273,HRL,2024032105002382,72,86,100.00,609.20,"60,920.00",2024-03-22
1274,HRL,2024032105002383,65,86,"1,950.00",609.10,"1,187,745.00",2024-03-22
1275,HRL,2024032105002384,32,86,32.00,609.10,"19,491.20",2024-03-22
1276,HRL,2024032105002385,1,86,50.00,609.10,"30,455.00",2024-03-22
1277,HRL,2024032105002386,49,86,100.00,609.00,"60,900.00",2024-03-22
1278,HRL,2024032105002387,22,86,100.00,609.00,"60,900.00",2024-03-22
1279,HRL,2024032105002388,17,86,200.00,609.00,"121,800.00",2024-03-22
1280,HRL,2024032105002389,59,86,100.00,609.00,"60,900.00",2024-03-22
1281,HRL,2024032105002390,32,86,20.00,609.00,"12,180.00",2024-03-22
1282,HRL,2024032105002391,52,86,160.00,609.00,"97,440.00",2024-03-22
1283,HRL,2024032105002392,59,86,250.00,609.00,"152,250.00",2024-03-22
1284,HRL,2024032105002393,57,86,224.00,609.00,"136,416.00",2024-03-22
1285,HRL,2024032105002395,57,36,50.00,609.00,"30,450.00",2024-03-22
1286,HRL,2024032105002396,52,34,10.00,610.00,"6,100.00",2024-03-22
1287,HRL,2024032105002397,52,3,10.00,610.00,"6,100.00",2024-03-22
1288,HRL,2024032105002398,52,49,10.00,610.00,"6,100.00",2024-03-22
1289,HRL,2024032105002399,25,43,30.00,609.10,"18,273.00",2024-03-22
1290,HRL,2024032105002401,25,65,127.00,609.10,"77,355.70",2024-03-22
1291,HRL,2024032105002404,13,49,10.00,610.00,"6,100.00",2024-03-22
1292,HRL,2024032105002407,58,45,10.00,609.50,"6,095.00",2024-03-22
1293,HRL,2024032105002408,25,49,10.00,609.10,"6,091.00",2024-03-22
1294,HRL,2024032105002409,86,41,10.00,610.00,"6,100.00",2024-03-22
1295,HRL,2024032105002410,86,25,10.00,610.00,"6,100.00",2024-03-22
1296,HRL,2024032105002411,86,42,30.00,610.00,"18,300.00",2024-03-22
1297,HRL,2024032105002412,86,58,10.00,610.00,"6,100.00",2024-03-22
1298,HRL,2024032105002416,14,58,20.00,609.60,"12,192.00",2024-03-22
1299,HRL,2024032105002420,49,59,50.00,610.00,"30,500.00",2024-03-22
1300,HRL,2024032105002424,49,41,10.00,610.00,"6,100.00",2024-03-22
1301,HRL,2024032105002426,14,47,10.00,609.60,"6,096.00",2024-03-22
1302,HRL,2024032105002427,14,58,20.00,609.60,"12,192.00",2024-03-22
1303,HRL,2024032105002438,14,45,10.00,609.60,"6,096.00",2024-03-22
1304,HRL,2024032105002439,25,45,33.00,609.10,"20,100.30",2024-03-22
1305,HRL,2024032105002440,57,45,157.00,609.00,"95,613.00",2024-03-22
1306,HRL,2024032105002442,33,16,10.00,610.00,"6,100.00",2024-03-22
1307,HRL,2024032105002443,52,47,10.00,609.70,"6,097.00",2024-03-22
1308,HRL,2024032105002444,52,35,10.00,609.70,"6,097.00",2024-03-22
1309,HRL,2024032105002453,52,45,10.00,609.70,"6,097.00",2024-03-22
1310,HRL,2024032105002454,52,47,10.00,609.70,"6,097.00",2024-03-22
1311,HRL,2024032105002458,52,26,10.00,609.70,"6,097.00",2024-03-22
1312,HRL,2024032105002463,59,4,10.00,609.20,"6,092.00",2024-03-22
1313,HRL,2024032105002465,59,58,10.00,609.20,"6,092.00",2024-03-22
1314,HRL,2024032105002466,38,75,10.00,610.00,"6,100.00",2024-03-22
1315,HRL,2024032105002475,7,35,10.00,609.30,"6,093.00",2024-03-22
1316,HRL,2024032105002483,7,54,10.00,609.30,"6,093.00",2024-03-22
1317,HRL,2024032105002496,7,45,20.00,609.30,"12,186.00",2024-03-22
1318,HRL,2024032105002497,38,51,10.00,609.50,"6,095.00",2024-03-22
1319,HRL,2024032105002498,6,75,10.00,610.00,"6,100.00",2024-03-22
1320,HRL,2024032105002499,58,21,20.00,610.00,"12,200.00",2024-03-22
1321,HRL,2024032105002500,58,58,10.00,610.00,"6,100.00",2024-03-22
1322,HRL,2024032105002501,58,13,10.00,610.00,"6,100.00",2024-03-22
1323,HRL,2024032105002502,58,75,20.00,610.00,"12,200.00",2024-03-22
1324,HRL,2024032105002503,58,45,10.00,610.00,"6,100.00",2024-03-22
1325,HRL,2024032105002504,58,43,10.00,610.00,"6,100.00",2024-03-22
1326,HRL,2024032105002505,58,56,10.00,610.00,"6,100.00",2024-03-22
1327,HRL,2024032105002506,58,34,20.00,610.00,"12,200.00",2024-03-22
1328,HRL,2024032105002507,58,77,190.00,610.00,"115,900.00",2024-03-22
1329,HRL,2024032105002508,34,58,10.00,610.00,"6,100.00",2024-03-22
1330,HRL,2024032105002509,34,75,20.00,610.00,"12,200.00",2024-03-22
1331,HRL,2024032105002511,34,42,10.00,610.00,"6,100.00",2024-03-22
1332,HRL,2024032105002514,34,45,10.00,610.00,"6,100.00",2024-03-22
1333,HRL,2024032105002520,58,75,20.00,610.00,"12,200.00",2024-03-22
1334,HRL,2024032105002521,68,58,10.00,611.00,"6,110.00",2024-03-22
1335,HRL,2024032105002522,38,5,10.00,610.00,"6,100.00",2024-03-22
1336,HRL,2024032105002523,38,45,10.00,609.50,"6,095.00",2024-03-22
1337,HRL,2024032105002524,50,45,10.00,610.00,"6,100.00",2024-03-22
1338,HRL,2024032105002525,50,75,10.00,610.00,"6,100.00",2024-03-22
1339,HRL,2024032105002526,50,42,10.00,610.00,"6,100.00",2024-03-22
1340,HRL,2024032105002530,38,34,10.00,609.50,"6,095.00",2024-03-22
1341,HRL,2024032105002531,38,8,20.00,609.50,"12,190.00",2024-03-22
1342,HRL,2024032105002532,50,42,20.00,610.00,"12,200.00",2024-03-22
1343,HRL,2024032105002543,35,69,30.00,610.00,"18,300.00",2024-03-22
1344,HRL,2024032105002544,59,69,10.00,609.50,"6,095.00",2024-03-22
1345,HRL,2024032105002547,50,49,200.00,610.00,"122,000.00",2024-03-22
1346,HRL,2024032105002551,47,49,50.00,610.00,"30,500.00",2024-03-22
1347,HRL,2024032105002552,47,42,20.00,610.00,"12,200.00",2024-03-22
1348,HRL,2024032105002553,47,75,10.00,611.00,"6,110.00",2024-03-22
1349,HRL,2024032105002554,47,77,150.00,611.00,"91,650.00",2024-03-22
1350,HRL,2024032105002555,47,57,500.00,611.00,"305,500.00",2024-03-22
1351,HRL,2024032105002556,47,32,10.00,612.00,"6,120.00",2024-03-22
1352,HRL,2024032105002557,47,41,10.00,612.00,"6,120.00",2024-03-22
1353,HRL,2024032105002558,47,6,10.00,612.00,"6,120.00",2024-03-22
1354,HRL,2024032105002559,47,16,33.00,612.00,"20,196.00",2024-03-22
1355,HRL,2024032105002560,47,29,10.00,612.00,"6,120.00",2024-03-22
1356,HRL,2024032105002561,47,58,10.00,612.00,"6,120.00",2024-03-22
1357,HRL,2024032105002562,47,49,20.00,612.00,"12,240.00",2024-03-22
1358,HRL,2024032105002563,47,41,20.00,612.00,"12,240.00",2024-03-22
1359,HRL,2024032105002564,47,51,30.00,612.00,"18,360.00",2024-03-22
1360,HRL,2024032105002565,47,58,10.00,612.00,"6,120.00",2024-03-22
1361,HRL,2024032105002566,47,6,10.00,612.00,"6,120.00",2024-03-22
1362,HRL,2024032105002567,47,40,90.00,612.00,"55,080.00",2024-03-22
1363,HRL,2024032105002572,58,56,20.00,611.00,"12,220.00",2024-03-22
1364,HRL,2024032105002573,47,6,10.00,612.00,"6,120.00",2024-03-22
1365,HRL,2024032105002574,47,29,10.00,612.00,"6,120.00",2024-03-22
1366,HRL,2024032105002575,47,53,10.00,612.00,"6,120.00",2024-03-22
1367,HRL,2024032105002576,47,58,10.00,612.50,"6,125.00",2024-03-22
1368,HRL,2024032105002577,47,21,10.00,612.50,"6,125.00",2024-03-22
1369,HRL,2024032105002578,47,58,10.00,612.50,"6,125.00",2024-03-22
1370,HRL,2024032105002579,47,55,10.00,612.50,"6,125.00",2024-03-22
1371,HRL,2024032105002580,47,58,240.00,612.90,"147,096.00",2024-03-22
1372,HRL,2024032105002581,47,58,30.00,613.00,"18,390.00",2024-03-22
1373,HRL,2024032105002582,47,54,20.00,613.00,"12,260.00",2024-03-22
1374,HRL,2024032105002583,47,39,10.00,613.00,"6,130.00",2024-03-22
1375,HRL,2024032105002584,47,35,10.00,613.00,"6,130.00",2024-03-22
1376,HRL,2024032105002585,47,32,10.00,613.00,"6,130.00",2024-03-22
1377,HRL,2024032105002586,47,42,10.00,613.00,"6,130.00",2024-03-22
1378,HRL,2024032105002587,47,17,10.00,613.00,"6,130.00",2024-03-22
1379,HRL,2024032105002588,47,77,10.00,613.00,"6,130.00",2024-03-22
1380,HRL,2024032105002589,47,35,20.00,613.00,"12,260.00",2024-03-22
1381,HRL,2024032105002590,47,38,10.00,613.00,"6,130.00",2024-03-22
1382,HRL,2024032105002591,47,1,20.00,613.00,"12,260.00",2024-03-22
1383,HRL,2024032105002593,58,45,30.00,613.00,"18,390.00",2024-03-22
1384,HRL,2024032105002594,58,4,10.00,611.00,"6,110.00",2024-03-22
1385,HRL,2024032105002595,58,33,20.00,611.00,"12,220.00",2024-03-22
1386,HRL,2024032105002596,35,33,50.00,610.10,"30,505.00",2024-03-22
1387,HRL,2024032105002597,42,33,30.00,610.00,"18,300.00",2024-03-22
1388,HRL,2024032105002598,7,33,20.00,610.00,"12,200.00",2024-03-22
1389,HRL,2024032105002599,35,33,10.00,609.60,"6,096.00",2024-03-22
1390,HRL,2024032105002600,59,33,190.00,609.50,"115,805.00",2024-03-22
1391,HRL,2024032105002601,36,33,40.00,609.50,"24,380.00",2024-03-22
1392,HRL,2024032105002602,49,33,30.00,609.50,"18,285.00",2024-03-22
1393,HRL,2024032105002603,43,33,100.00,609.40,"60,940.00",2024-03-22
1394,HRL,2024032105002604,56,33,50.00,609.30,"30,465.00",2024-03-22
1395,HRL,2024032105002605,22,33,50.00,609.30,"30,465.00",2024-03-22
1396,HRL,2024032105002606,59,33,80.00,609.20,"48,736.00",2024-03-22
1397,HRL,2024032105002607,64,33,100.00,609.20,"60,920.00",2024-03-22
1398,HRL,2024032105002608,14,33,140.00,609.10,"85,274.00",2024-03-22
1399,HRL,2024032105002609,5,33,203.00,609.10,"123,647.30",2024-03-22
1400,HRL,2024032105002610,1,33,10.00,609.00,"6,090.00",2024-03-22
1401,HRL,2024032105002611,45,33,50.00,609.00,"30,450.00",2024-03-22
1402,HRL,2024032105002612,34,33,300.00,609.00,"182,700.00",2024-03-22
1403,HRL,2024032105002613,41,33,10.00,609.00,"6,090.00",2024-03-22
1404,HRL,2024032105002614,34,33,100.00,609.00,"60,900.00",2024-03-22
1405,HRL,2024032105002615,62,33,50.00,609.00,"30,450.00",2024-03-22
1406,HRL,2024032105002616,58,33,10.00,609.00,"6,090.00",2024-03-22
1407,HRL,2024032105002617,49,33,20.00,609.00,"12,180.00",2024-03-22
1408,HRL,2024032105002618,1,33,100.00,609.00,"60,900.00",2024-03-22
1409,HRL,2024032105002619,58,33,50.00,609.00,"30,450.00",2024-03-22
1410,HRL,2024032105002620,22,33,100.00,609.00,"60,900.00",2024-03-22
1411,HRL,2024032105002621,35,33,30.00,609.00,"18,270.00",2024-03-22
1412,HRL,2024032105002622,28,33,10.00,609.00,"6,090.00",2024-03-22
1413,HRL,2024032105002623,45,33,30.00,609.00,"18,270.00",2024-03-22
1414,HRL,2024032105002624,52,33,15.00,608.80,"9,132.00",2024-03-22
1415,HRL,2024032105002625,42,33,402.00,608.59,"244,653.18",2024-03-22
1416,HRL,2024032105002626,48,42,30.00,612.00,"18,360.00",2024-03-22
1417,HRL,2024032105002629,58,34,20.00,611.00,"12,220.00",2024-03-22
1418,HRL,2024032105002630,42,19,10.00,608.59,"6,085.90",2024-03-22
1419,HRL,2024032105002631,58,21,10.00,609.50,"6,095.00",2024-03-22
1420,HRL,2024032105002632,58,55,10.00,609.50,"6,095.00",2024-03-22
1421,HRL,2024032105002633,58,86,11.00,609.50,"6,704.50",2024-03-22
1422,HRL,2024032105002634,58,33,10.00,609.50,"6,095.00",2024-03-22
1423,HRL,2024032105002638,58,4,10.00,609.50,"6,095.00",2024-03-22
1424,HRL,2024032105002639,58,51,10.00,609.50,"6,095.00",2024-03-22
1425,HRL,2024032105002642,45,42,30.00,610.00,"18,300.00",2024-03-22
1426,HRL,2024032105002643,45,4,10.00,610.00,"6,100.00",2024-03-22
1427,HRL,2024032105002644,45,57,10.00,610.00,"6,100.00",2024-03-22
1428,HRL,2024032105002647,45,58,20.00,610.00,"12,200.00",2024-03-22
1429,HRL,2024032105002648,45,58,20.00,610.00,"12,200.00",2024-03-22
1430,HRL,2024032105002649,45,58,10.00,610.00,"6,100.00",2024-03-22
1431,HRL,2024032105002658,45,38,10.00,610.00,"6,100.00",2024-03-22
1432,HRL,2024032105002661,16,38,10.00,610.10,"6,101.00",2024-03-22
1433,HRL,2024032105002662,45,38,10.00,610.00,"6,100.00",2024-03-22
1434,HRL,2024032105002691,45,50,43.00,610.00,"26,230.00",2024-03-22
1435,HRL,2024032105002692,8,50,10.00,610.00,"6,100.00",2024-03-22
1436,HRL,2024032105002693,1,50,200.00,610.00,"122,000.00",2024-03-22
1437,HRL,2024032105002694,41,50,30.00,610.00,"18,300.00",2024-03-22
1438,HRL,2024032105002697,58,21,10.00,609.60,"6,096.00",2024-03-22
1439,HRL,2024032105002701,58,32,10.00,609.50,"6,095.00",2024-03-22
1440,HRL,2024032105002702,58,43,79.00,609.50,"48,150.50",2024-03-22
1441,HRL,2024032105002703,36,43,50.00,609.50,"30,475.00",2024-03-22
1442,HRL,2024032105002704,59,43,100.00,609.00,"60,900.00",2024-03-22
1443,HRL,2024032105002719,42,43,20.00,609.00,"12,180.00",2024-03-22
1444,HRL,2024032105002723,39,34,10.00,609.00,"6,090.00",2024-03-22
1445,HRL,2024032105002724,34,34,10.00,609.00,"6,090.00",2024-03-22
1446,HRL,2024032105002727,16,45,29.00,609.00,"17,661.00",2024-03-22
1447,HRL,2024032105002728,35,45,20.00,609.00,"12,180.00",2024-03-22
1448,HRL,2024032105002729,10,45,20.00,609.00,"12,180.00",2024-03-22
1449,HRL,2024032105002730,22,45,100.00,609.00,"60,900.00",2024-03-22
1450,HRL,2024032105002731,50,45,20.00,609.00,"12,180.00",2024-03-22
1451,HRL,2024032105002736,57,4,10.00,608.60,"6,086.00",2024-03-22
1452,HRL,2024032105002739,57,49,50.00,608.60,"30,430.00",2024-03-22
1453,HRL,2024032105002742,19,45,10.00,608.60,"6,086.00",2024-03-22
1454,HRL,2024032105002743,57,45,20.00,609.00,"12,180.00",2024-03-22
1455,HRL,2024032105002744,17,45,91.00,609.00,"55,419.00",2024-03-22
1456,HRL,2024032105002745,17,21,10.00,609.00,"6,090.00",2024-03-22
1457,HRL,2024032105002746,17,4,10.00,609.00,"6,090.00",2024-03-22
1458,HRL,2024032105002747,17,58,20.00,609.00,"12,180.00",2024-03-22
1459,HRL,2024032105002748,17,32,10.00,609.00,"6,090.00",2024-03-22
1460,HRL,2024032105002749,17,57,10.00,609.00,"6,090.00",2024-03-22
1461,HRL,2024032105002756,17,33,10.00,609.00,"6,090.00",2024-03-22
1462,HRL,2024032105002763,17,28,10.00,609.00,"6,090.00",2024-03-22
1463,HRL,2024032105002764,17,59,20.00,609.00,"12,180.00",2024-03-22
1464,HRL,2024032105002766,17,35,10.00,609.00,"6,090.00",2024-03-22
1465,HRL,2024032105002771,17,35,10.00,609.00,"6,090.00",2024-03-22
1466,HRL,2024032105002772,17,58,10.00,609.00,"6,090.00",2024-03-22
1467,HRL,2024032105002775,17,8,279.00,609.00,"169,911.00",2024-03-22
1468,HRL,2024032105002776,45,8,50.00,609.00,"30,450.00",2024-03-22
1469,HRL,2024032105002777,57,58,20.00,609.00,"12,180.00",2024-03-22
1470,HRL,2024032105002779,57,58,10.00,609.00,"6,090.00",2024-03-22
1471,HRL,2024032105002780,57,21,10.00,609.00,"6,090.00",2024-03-22
1472,HRL,2024032105002781,45,58,20.00,609.50,"12,190.00",2024-03-22
1473,HRL,2024032105002782,45,4,10.00,609.50,"6,095.00",2024-03-22
1474,HRL,2024032105002783,57,48,30.00,609.00,"18,270.00",2024-03-22
1475,HRL,2024032105002785,57,36,30.00,609.00,"18,270.00",2024-03-22
1476,HRL,2024032105002787,58,38,10.00,609.10,"6,091.00",2024-03-22
1477,HRL,2024032105002788,58,47,10.00,609.10,"6,091.00",2024-03-22
1478,HRL,2024032105002789,58,51,10.00,609.10,"6,091.00",2024-03-22
1479,HRL,2024032105002793,58,26,10.00,609.10,"6,091.00",2024-03-22
1480,HRL,2024032105002795,58,41,10.00,609.10,"6,091.00",2024-03-22
1481,HRL,2024032105002796,58,21,10.00,609.10,"6,091.00",2024-03-22
1482,HRL,2024032105002797,33,21,10.00,609.10,"6,091.00",2024-03-22
1483,HRL,2024032105002799,33,86,10.00,609.10,"6,091.00",2024-03-22
1484,HRL,2024032105002800,57,86,200.00,609.00,"121,800.00",2024-03-22
1485,HRL,2024032105002801,42,86,490.00,609.00,"298,410.00",2024-03-22
1486,HRL,2024032105002807,42,58,10.00,609.00,"6,090.00",2024-03-22
1487,HRL,2024032105002808,57,58,10.00,609.00,"6,090.00",2024-03-22
1488,HRL,2024032105002813,57,77,20.00,609.00,"12,180.00",2024-03-22
1489,HRL,2024032105002814,57,77,10.00,609.00,"6,090.00",2024-03-22
1490,HRL,2024032105002815,47,77,100.00,609.00,"60,900.00",2024-03-22
1491,HRL,2024032105002816,4,77,20.00,609.00,"12,180.00",2024-03-22
1492,HRL,2024032105002829,58,58,10.00,609.10,"6,091.00",2024-03-22
1493,HRL,2024032105002835,4,17,10.00,609.00,"6,090.00",2024-03-22
