SN,Symbol,Transaction No.,Buyer Broker,Seller Broker,Share Quantity,Rate(Rs),Amount(Rs),Traded Date
1,HRL,2024032605000002,38,58,10.00,606.00,"6,060.00",2024-03-26
2,HRL,2024032605000005,42,35,20.00,606.00,"12,120.00",2024-03-26
3,HRL,2024032605000008,59,51,10.00,607.00,"6,070.00",2024-03-26
4,HRL,2024032605000009,59,42,20.00,607.00,"12,140.00",2024-03-26
5,HRL,2024032605000011,59,38,10.00,607.00,"6,070.00",2024-03-26
6,HRL,2024032605000013,59,58,10.00,607.00,"6,070.00",2024-03-26
7,HRL,2024032605000014,17,25,20.00,608.00,"12,160.00",2024-03-26
8,HRL,2024032605000015,42,35,10.00,606.10,"6,061.00",2024-03-26
9,HRL,2024032605000016,42,47,10.00,606.10,"6,061.00",2024-03-26
10,HRL,2024032605000018,42,45,20.00,606.00,"12,120.00",2024-03-26
11,HRL,2024032605000019,42,58,10.00,606.00,"6,060.00",2024-03-26
12,HRL,2024032605000020,42,35,10.00,606.00,"6,060.00",2024-03-26
13,HRL,2024032605000023,49,54,10.00,608.00,"6,080.00",2024-03-26
14,HRL,2024032605000041,49,29,20.00,608.00,"12,160.00",2024-03-26
15,HRL,2024032605000043,38,49,10.00,606.40,"6,064.00",2024-03-26
16,HRL,2024032605000046,49,42,30.00,608.00,"18,240.00",2024-03-26
17,HRL,2024032605000047,49,56,10.00,608.00,"6,080.00",2024-03-26
18,HRL,2024032605000048,58,13,20.00,607.00,"12,140.00",2024-03-26
19,HRL,2024032605000050,38,38,10.00,608.00,"6,080.00",2024-03-26
20,HRL,2024032605000051,58,38,10.00,608.00,"6,080.00",2024-03-26
21,HRL,2024032605000052,58,4,10.00,608.00,"6,080.00",2024-03-26
22,HRL,2024032605000053,42,58,20.00,608.90,"12,178.00",2024-03-26
23,HRL,2024032605000054,42,48,10.00,609.00,"6,090.00",2024-03-26
24,HRL,2024032605000055,42,39,10.00,609.00,"6,090.00",2024-03-26
25,HRL,2024032605000056,42,39,10.00,609.00,"6,090.00",2024-03-26
26,HRL,2024032605000057,42,49,20.00,609.00,"12,180.00",2024-03-26
27,HRL,2024032605000058,42,45,16.00,609.00,"9,744.00",2024-03-26
28,HRL,2024032605000059,42,57,64.00,609.00,"38,976.00",2024-03-26
29,HRL,2024032605000060,52,57,81.00,609.00,"49,329.00",2024-03-26
30,HRL,2024032605000063,58,38,10.00,608.00,"6,080.00",2024-03-26
31,HRL,2024032605000066,53,38,10.00,608.10,"6,081.00",2024-03-26
32,HRL,2024032605000067,53,6,10.00,608.10,"6,081.00",2024-03-26
33,HRL,2024032605000069,53,58,10.00,608.10,"6,081.00",2024-03-26
34,HRL,2024032605000070,42,57,10.00,609.00,"6,090.00",2024-03-26
35,HRL,2024032605000071,53,33,10.00,608.10,"6,081.00",2024-03-26
36,HRL,2024032605000072,53,38,10.00,608.10,"6,081.00",2024-03-26
37,HRL,2024032605000074,53,38,20.00,608.10,"12,162.00",2024-03-26
38,HRL,2024032605000075,53,43,20.00,608.10,"12,162.00",2024-03-26
39,HRL,2024032605000076,53,45,10.00,608.10,"6,081.00",2024-03-26
40,HRL,2024032605000079,58,8,10.00,608.00,"6,080.00",2024-03-26
41,HRL,2024032605000083,58,58,20.00,608.00,"12,160.00",2024-03-26
42,HRL,2024032605000084,58,40,40.00,608.00,"24,320.00",2024-03-26
43,HRL,2024032605000085,45,40,49.00,608.00,"29,792.00",2024-03-26
44,HRL,2024032605000086,34,40,11.00,608.00,"6,688.00",2024-03-26
45,HRL,2024032605000087,49,38,10.00,607.10,"6,071.00",2024-03-26
46,HRL,2024032605000088,49,17,10.00,607.10,"6,071.00",2024-03-26
47,HRL,2024032605000089,49,17,10.00,607.10,"6,071.00",2024-03-26
48,HRL,2024032605000090,14,17,10.00,607.10,"6,071.00",2024-03-26
49,HRL,2024032605000091,14,38,10.00,607.10,"6,071.00",2024-03-26
50,HRL,2024032605000092,14,45,20.00,607.10,"12,142.00",2024-03-26
51,HRL,2024032605000093,14,38,20.00,607.10,"12,142.00",2024-03-26
52,HRL,2024032605000094,14,88,10.00,607.10,"6,071.00",2024-03-26
53,HRL,2024032605000097,14,38,10.00,607.10,"6,071.00",2024-03-26
54,HRL,2024032605000098,55,52,20.00,607.90,"12,158.00",2024-03-26
55,HRL,2024032605000099,55,57,30.00,608.00,"18,240.00",2024-03-26
56,HRL,2024032605000100,14,20,10.00,607.10,"6,071.00",2024-03-26
57,HRL,2024032605000101,14,32,10.00,607.10,"6,071.00",2024-03-26
58,HRL,2024032605000102,3,38,10.00,607.00,"6,070.00",2024-03-26
59,HRL,2024032605000105,45,38,10.00,606.60,"6,066.00",2024-03-26
60,HRL,2024032605000106,19,58,10.00,607.10,"6,071.00",2024-03-26
61,HRL,2024032605000107,19,57,90.00,608.00,"54,720.00",2024-03-26
62,HRL,2024032605000108,50,57,25.00,608.00,"15,200.00",2024-03-26
63,HRL,2024032605000109,50,57,10.00,608.00,"6,080.00",2024-03-26
64,HRL,2024032605000110,50,17,10.00,608.00,"6,080.00",2024-03-26
65,HRL,2024032605000111,50,17,10.00,608.00,"6,080.00",2024-03-26
66,HRL,2024032605000115,45,38,10.00,606.60,"6,066.00",2024-03-26
67,HRL,2024032605000117,34,38,10.00,606.60,"6,066.00",2024-03-26
68,HRL,2024032605000119,34,38,10.00,606.60,"6,066.00",2024-03-26
69,HRL,2024032605000123,25,38,10.00,607.00,"6,070.00",2024-03-26
70,HRL,2024032605000125,25,21,10.00,607.00,"6,070.00",2024-03-26
71,HRL,2024032605000126,25,32,20.00,607.00,"12,140.00",2024-03-26
72,HRL,2024032605000127,25,36,20.00,607.00,"12,140.00",2024-03-26
73,HRL,2024032605000129,25,17,10.00,607.00,"6,070.00",2024-03-26
74,HRL,2024032605000130,25,41,10.00,607.00,"6,070.00",2024-03-26
75,HRL,2024032605000131,25,57,10.00,607.00,"6,070.00",2024-03-26
76,HRL,2024032605000132,25,8,10.00,607.00,"6,070.00",2024-03-26
77,HRL,2024032605000143,38,17,10.00,608.00,"6,080.00",2024-03-26
78,HRL,2024032605000144,38,49,10.00,608.00,"6,080.00",2024-03-26
79,HRL,2024032605000145,50,58,10.00,607.10,"6,071.00",2024-03-26
80,HRL,2024032605000147,34,45,20.00,607.20,"12,144.00",2024-03-26
81,HRL,2024032605000148,16,7,10.00,609.00,"6,090.00",2024-03-26
82,HRL,2024032605000153,50,32,20.00,609.50,"12,190.00",2024-03-26
83,HRL,2024032605000154,34,58,10.00,607.20,"6,072.00",2024-03-26
84,HRL,2024032605000155,50,58,10.00,607.10,"6,071.00",2024-03-26
85,HRL,2024032605000156,50,38,10.00,607.10,"6,071.00",2024-03-26
86,HRL,2024032605000157,49,8,10.00,609.00,"6,090.00",2024-03-26
87,HRL,2024032605000160,52,6,10.00,607.50,"6,075.00",2024-03-26
88,HRL,2024032605000162,26,58,10.00,608.00,"6,080.00",2024-03-26
89,HRL,2024032605000170,38,58,10.00,608.00,"6,080.00",2024-03-26
90,HRL,2024032605000171,50,58,10.00,608.00,"6,080.00",2024-03-26
91,HRL,2024032605000172,50,51,10.00,608.00,"6,080.00",2024-03-26
92,HRL,2024032605000173,50,44,10.00,608.00,"6,080.00",2024-03-26
93,HRL,2024032605000174,26,57,10.00,608.00,"6,080.00",2024-03-26
94,HRL,2024032605000175,26,58,10.00,608.00,"6,080.00",2024-03-26
95,HRL,2024032605000176,38,6,10.00,608.00,"6,080.00",2024-03-26
96,HRL,2024032605000179,38,58,10.00,608.00,"6,080.00",2024-03-26
97,HRL,2024032605000181,50,46,10.00,608.00,"6,080.00",2024-03-26
98,HRL,2024032605000182,50,59,10.00,608.20,"6,082.00",2024-03-26
99,HRL,2024032605000183,52,42,20.00,607.50,"12,150.00",2024-03-26
100,HRL,2024032605000184,52,6,10.00,607.50,"6,075.00",2024-03-26
101,HRL,2024032605000187,38,25,10.00,608.00,"6,080.00",2024-03-26
102,HRL,2024032605000188,6,58,10.00,608.10,"6,081.00",2024-03-26
103,HRL,2024032605000189,6,59,10.00,608.20,"6,082.00",2024-03-26
104,HRL,2024032605000190,6,8,10.00,609.00,"6,090.00",2024-03-26
105,HRL,2024032605000191,38,58,10.00,608.00,"6,080.00",2024-03-26
106,HRL,2024032605000195,58,42,10.00,608.00,"6,080.00",2024-03-26
107,HRL,2024032605000196,58,57,10.00,608.00,"6,080.00",2024-03-26
108,HRL,2024032605000197,52,22,10.00,607.50,"6,075.00",2024-03-26
109,HRL,2024032605000198,58,57,17.00,608.00,"10,336.00",2024-03-26
110,HRL,2024032605000199,65,38,10.00,607.60,"6,076.00",2024-03-26
111,HRL,2024032605000200,65,35,20.00,607.60,"12,152.00",2024-03-26
112,HRL,2024032605000206,38,58,10.00,607.70,"6,077.00",2024-03-26
113,HRL,2024032605000207,38,38,10.00,607.70,"6,077.00",2024-03-26
114,HRL,2024032605000218,42,40,10.00,608.00,"6,080.00",2024-03-26
115,HRL,2024032605000219,42,49,10.00,608.00,"6,080.00",2024-03-26
116,HRL,2024032605000220,42,57,10.00,608.00,"6,080.00",2024-03-26
117,HRL,2024032605000227,45,36,20.00,608.00,"12,160.00",2024-03-26
118,HRL,2024032605000229,45,57,20.00,608.00,"12,160.00",2024-03-26
119,HRL,2024032605000230,14,58,10.00,609.00,"6,090.00",2024-03-26
120,HRL,2024032605000231,14,57,10.00,609.00,"6,090.00",2024-03-26
121,HRL,2024032605000232,14,58,10.00,609.00,"6,090.00",2024-03-26
122,HRL,2024032605000233,14,49,10.00,609.00,"6,090.00",2024-03-26
123,HRL,2024032605000234,14,19,10.00,609.00,"6,090.00",2024-03-26
124,HRL,2024032605000240,5,35,20.00,608.10,"12,162.00",2024-03-26
125,HRL,2024032605000241,5,58,10.00,608.10,"6,081.00",2024-03-26
126,HRL,2024032605000243,5,49,10.00,608.10,"6,081.00",2024-03-26
127,HRL,2024032605000246,6,28,10.00,608.20,"6,082.00",2024-03-26
128,HRL,2024032605000250,6,44,10.00,608.20,"6,082.00",2024-03-26
129,HRL,2024032605000254,50,58,20.00,609.80,"12,196.00",2024-03-26
130,HRL,2024032605000255,5,33,20.00,608.30,"12,166.00",2024-03-26
131,HRL,2024032605000258,65,58,10.00,609.90,"6,099.00",2024-03-26
132,HRL,2024032605000259,65,58,20.00,609.90,"12,198.00",2024-03-26
133,HRL,2024032605000260,65,58,10.00,609.90,"6,099.00",2024-03-26
134,HRL,2024032605000261,65,21,10.00,609.90,"6,099.00",2024-03-26
135,HRL,2024032605000262,65,54,30.00,610.00,"18,300.00",2024-03-26
136,HRL,2024032605000263,65,7,10.00,610.00,"6,100.00",2024-03-26
137,HRL,2024032605000264,65,54,20.00,610.00,"12,200.00",2024-03-26
138,HRL,2024032605000265,65,34,10.00,610.00,"6,100.00",2024-03-26
139,HRL,2024032605000266,65,4,10.00,610.00,"6,100.00",2024-03-26
140,HRL,2024032605000267,65,3,30.00,610.00,"18,300.00",2024-03-26
141,HRL,2024032605000268,65,38,10.00,610.00,"6,100.00",2024-03-26
142,HRL,2024032605000269,65,55,40.00,610.00,"24,400.00",2024-03-26
143,HRL,2024032605000270,65,38,20.00,610.00,"12,200.00",2024-03-26
144,HRL,2024032605000271,65,50,10.00,610.00,"6,100.00",2024-03-26
145,HRL,2024032605000272,65,45,10.00,610.00,"6,100.00",2024-03-26
146,HRL,2024032605000273,65,21,10.00,610.00,"6,100.00",2024-03-26
147,HRL,2024032605000274,65,50,10.00,610.00,"6,100.00",2024-03-26
148,HRL,2024032605000275,65,58,100.00,610.00,"61,000.00",2024-03-26
149,HRL,2024032605000277,65,58,350.00,610.00,"213,500.00",2024-03-26
150,HRL,2024032605000278,65,11,10.00,610.00,"6,100.00",2024-03-26
151,HRL,2024032605000279,65,22,10.00,610.00,"6,100.00",2024-03-26
152,HRL,2024032605000280,65,49,20.00,610.00,"12,200.00",2024-03-26
153,HRL,2024032605000281,65,7,20.00,610.00,"12,200.00",2024-03-26
154,HRL,2024032605000282,65,58,10.00,610.00,"6,100.00",2024-03-26
155,HRL,2024032605000283,65,38,20.00,610.00,"12,200.00",2024-03-26
156,HRL,2024032605000284,65,54,20.00,610.00,"12,200.00",2024-03-26
157,HRL,2024032605000285,65,49,10.00,610.00,"6,100.00",2024-03-26
158,HRL,2024032605000286,65,33,30.00,610.00,"18,300.00",2024-03-26
159,HRL,2024032605000287,65,42,20.00,610.00,"12,200.00",2024-03-26
160,HRL,2024032605000288,65,57,20.00,609.00,"12,180.00",2024-03-26
161,HRL,2024032605000290,34,16,10.00,610.10,"6,101.00",2024-03-26
162,HRL,2024032605000292,65,58,30.00,609.00,"18,270.00",2024-03-26
163,HRL,2024032605000293,42,34,10.00,610.00,"6,100.00",2024-03-26
164,HRL,2024032605000294,34,3,10.00,611.00,"6,110.00",2024-03-26
165,HRL,2024032605000295,34,57,30.00,611.00,"18,330.00",2024-03-26
166,HRL,2024032605000298,62,49,20.00,610.00,"12,200.00",2024-03-26
167,HRL,2024032605000301,50,42,10.00,610.00,"6,100.00",2024-03-26
168,HRL,2024032605000308,50,17,10.00,610.00,"6,100.00",2024-03-26
169,HRL,2024032605000315,11,4,20.00,610.00,"12,200.00",2024-03-26
170,HRL,2024032605000316,11,17,10.00,610.00,"6,100.00",2024-03-26
171,HRL,2024032605000320,11,57,70.00,610.00,"42,700.00",2024-03-26
172,HRL,2024032605000321,45,57,30.00,610.00,"18,300.00",2024-03-26
173,HRL,2024032605000323,45,65,30.00,610.00,"18,300.00",2024-03-26
174,HRL,2024032605000329,25,56,10.00,611.00,"6,110.00",2024-03-26
175,HRL,2024032605000330,50,59,20.00,611.00,"12,220.00",2024-03-26
176,HRL,2024032605000332,50,57,10.00,611.00,"6,110.00",2024-03-26
177,HRL,2024032605000333,45,57,10.00,610.00,"6,100.00",2024-03-26
178,HRL,2024032605000338,5,58,100.00,611.00,"61,100.00",2024-03-26
179,HRL,2024032605000339,5,25,20.00,611.00,"12,220.00",2024-03-26
180,HRL,2024032605000344,44,65,10.00,611.00,"6,110.00",2024-03-26
181,HRL,2024032605000347,44,57,160.00,611.00,"97,760.00",2024-03-26
182,HRL,2024032605000348,50,3,200.00,611.90,"122,380.00",2024-03-26
183,HRL,2024032605000350,44,41,30.00,611.00,"18,330.00",2024-03-26
184,HRL,2024032605000352,59,28,30.00,611.00,"18,330.00",2024-03-26
185,HRL,2024032605000353,91,57,20.00,611.10,"12,222.00",2024-03-26
186,HRL,2024032605000354,91,57,30.00,611.10,"18,333.00",2024-03-26
187,HRL,2024032605000355,59,57,90.00,611.00,"54,990.00",2024-03-26
188,HRL,2024032605000356,45,57,80.00,611.00,"48,880.00",2024-03-26
189,HRL,2024032605000357,21,58,10.00,611.90,"6,119.00",2024-03-26
190,HRL,2024032605000358,21,50,100.00,612.00,"61,200.00",2024-03-26
191,HRL,2024032605000359,21,16,10.00,612.00,"6,120.00",2024-03-26
192,HRL,2024032605000360,21,55,30.00,612.00,"18,360.00",2024-03-26
193,HRL,2024032605000368,57,55,970.00,612.00,"593,640.00",2024-03-26
194,HRL,2024032605000369,57,90,10.00,612.00,"6,120.00",2024-03-26
195,HRL,2024032605000370,57,34,20.00,612.00,"12,240.00",2024-03-26
196,HRL,2024032605000380,45,57,100.00,611.00,"61,100.00",2024-03-26
197,HRL,2024032605000381,45,59,20.00,611.00,"12,220.00",2024-03-26
198,HRL,2024032605000390,65,55,"1,000.00",612.00,"612,000.00",2024-03-26
199,HRL,2024032605000391,44,52,28.00,612.00,"17,136.00",2024-03-26
200,HRL,2024032605000392,44,45,10.00,612.00,"6,120.00",2024-03-26
201,HRL,2024032605000393,44,49,10.00,612.00,"6,120.00",2024-03-26
202,HRL,2024032605000394,44,22,10.00,612.00,"6,120.00",2024-03-26
203,HRL,2024032605000395,44,40,101.00,612.00,"61,812.00",2024-03-26
204,HRL,2024032605000396,44,41,10.00,612.00,"6,120.00",2024-03-26
205,HRL,2024032605000399,44,52,10.00,612.00,"6,120.00",2024-03-26
206,HRL,2024032605000400,44,36,130.00,612.00,"79,560.00",2024-03-26
207,HRL,2024032605000401,44,51,10.00,612.00,"6,120.00",2024-03-26
208,HRL,2024032605000402,44,48,30.00,612.00,"18,360.00",2024-03-26
209,HRL,2024032605000404,16,34,10.00,613.00,"6,130.00",2024-03-26
210,HRL,2024032605000405,16,34,10.00,613.00,"6,130.00",2024-03-26
211,HRL,2024032605000406,16,8,10.00,613.00,"6,130.00",2024-03-26
212,HRL,2024032605000407,16,48,170.00,613.00,"104,210.00",2024-03-26
213,HRL,2024032605000409,44,11,10.00,612.00,"6,120.00",2024-03-26
214,HRL,2024032605000411,44,57,30.00,612.00,"18,360.00",2024-03-26
215,HRL,2024032605000412,44,58,10.00,612.00,"6,120.00",2024-03-26
216,HRL,2024032605000413,6,48,27.00,613.00,"16,551.00",2024-03-26
217,HRL,2024032605000414,6,3,10.00,613.00,"6,130.00",2024-03-26
218,HRL,2024032605000415,6,42,10.00,613.00,"6,130.00",2024-03-26
219,HRL,2024032605000419,6,28,10.00,613.00,"6,130.00",2024-03-26
220,HRL,2024032605000422,1,57,11.00,613.40,"6,747.40",2024-03-26
221,HRL,2024032605000425,6,13,10.00,613.00,"6,130.00",2024-03-26
222,HRL,2024032605000426,58,57,50.00,613.40,"30,670.00",2024-03-26
223,HRL,2024032605000431,6,6,20.00,613.00,"12,260.00",2024-03-26
224,HRL,2024032605000433,6,33,13.00,613.00,"7,969.00",2024-03-26
225,HRL,2024032605000434,35,25,10.00,613.00,"6,130.00",2024-03-26
226,HRL,2024032605000436,35,40,90.00,613.00,"55,170.00",2024-03-26
227,HRL,2024032605000437,41,40,10.00,613.00,"6,130.00",2024-03-26
228,HRL,2024032605000438,5,57,40.00,613.10,"24,524.00",2024-03-26
229,HRL,2024032605000439,41,57,10.00,613.00,"6,130.00",2024-03-26
230,HRL,2024032605000441,41,48,20.00,613.00,"12,260.00",2024-03-26
231,HRL,2024032605000442,41,59,100.00,613.00,"61,300.00",2024-03-26
232,HRL,2024032605000444,44,57,10.00,612.00,"6,120.00",2024-03-26
233,HRL,2024032605000452,44,3,391.00,612.00,"239,292.00",2024-03-26
234,HRL,2024032605000453,25,3,100.00,612.00,"61,200.00",2024-03-26
235,HRL,2024032605000454,45,3,190.00,612.00,"116,280.00",2024-03-26
236,HRL,2024032605000455,13,36,30.00,611.00,"18,330.00",2024-03-26
237,HRL,2024032605000457,58,54,10.00,613.00,"6,130.00",2024-03-26
238,HRL,2024032605000458,58,21,10.00,613.00,"6,130.00",2024-03-26
239,HRL,2024032605000466,66,35,10.00,610.20,"6,102.00",2024-03-26
240,HRL,2024032605000467,66,19,10.00,610.20,"6,102.00",2024-03-26
241,HRL,2024032605000468,38,58,20.00,612.00,"12,240.00",2024-03-26
242,HRL,2024032605000469,38,58,10.00,612.00,"6,120.00",2024-03-26
243,HRL,2024032605000470,38,25,30.00,612.50,"18,375.00",2024-03-26
244,HRL,2024032605000471,38,21,10.00,613.00,"6,130.00",2024-03-26
245,HRL,2024032605000472,38,57,39.00,613.40,"23,922.60",2024-03-26
246,HRL,2024032605000473,38,3,91.00,613.40,"55,819.40",2024-03-26
247,HRL,2024032605000474,45,1,10.00,612.10,"6,121.00",2024-03-26
248,HRL,2024032605000477,45,43,10.00,612.10,"6,121.00",2024-03-26
249,HRL,2024032605000479,45,28,10.00,612.10,"6,121.00",2024-03-26
250,HRL,2024032605000480,45,38,20.00,612.10,"12,242.00",2024-03-26
251,HRL,2024032605000483,45,3,450.00,612.10,"275,445.00",2024-03-26
252,HRL,2024032605000494,56,3,20.00,612.10,"12,242.00",2024-03-26
253,HRL,2024032605000495,56,44,10.00,612.10,"6,121.00",2024-03-26
254,HRL,2024032605000496,56,48,70.00,612.10,"42,847.00",2024-03-26
255,HRL,2024032605000497,66,38,20.00,610.20,"12,204.00",2024-03-26
256,HRL,2024032605000499,66,47,10.00,610.20,"6,102.00",2024-03-26
257,HRL,2024032605000500,72,57,10.00,610.20,"6,102.00",2024-03-26
258,HRL,2024032605000502,72,49,40.00,610.20,"24,408.00",2024-03-26
259,HRL,2024032605000505,72,49,10.00,610.20,"6,102.00",2024-03-26
260,HRL,2024032605000506,72,45,10.00,610.20,"6,102.00",2024-03-26
261,HRL,2024032605000507,72,14,10.00,610.20,"6,102.00",2024-03-26
262,HRL,2024032605000509,72,48,10.00,610.20,"6,102.00",2024-03-26
263,HRL,2024032605000510,72,77,10.00,610.20,"6,102.00",2024-03-26
264,HRL,2024032605000512,72,1,30.00,610.20,"18,306.00",2024-03-26
265,HRL,2024032605000518,72,28,10.00,610.20,"6,102.00",2024-03-26
266,HRL,2024032605000519,14,3,70.00,611.00,"42,770.00",2024-03-26
267,HRL,2024032605000521,42,3,30.00,611.00,"18,330.00",2024-03-26
268,HRL,2024032605000523,42,47,10.00,611.00,"6,110.00",2024-03-26
269,HRL,2024032605000524,42,57,10.00,611.00,"6,110.00",2024-03-26
270,HRL,2024032605000528,42,57,10.00,611.00,"6,110.00",2024-03-26
271,HRL,2024032605000530,5,58,10.00,611.80,"6,118.00",2024-03-26
272,HRL,2024032605000531,5,64,10.00,611.90,"6,119.00",2024-03-26
273,HRL,2024032605000541,42,58,10.00,611.00,"6,110.00",2024-03-26
274,HRL,2024032605000546,42,42,20.00,611.00,"12,220.00",2024-03-26
275,HRL,2024032605000547,42,42,10.00,611.00,"6,110.00",2024-03-26
276,HRL,2024032605000549,48,25,10.00,612.00,"6,120.00",2024-03-26
277,HRL,2024032605000551,42,22,10.00,610.30,"6,103.00",2024-03-26
278,HRL,2024032605000553,42,14,60.00,610.30,"36,618.00",2024-03-26
279,HRL,2024032605000554,7,14,30.00,610.30,"18,309.00",2024-03-26
280,HRL,2024032605000555,72,14,60.00,610.20,"36,612.00",2024-03-26
281,HRL,2024032605000556,46,14,200.00,610.20,"122,040.00",2024-03-26
282,HRL,2024032605000557,72,14,150.00,610.20,"91,530.00",2024-03-26
283,HRL,2024032605000560,72,49,20.00,610.20,"12,204.00",2024-03-26
284,HRL,2024032605000561,72,41,10.00,610.20,"6,102.00",2024-03-26
285,HRL,2024032605000563,72,1,10.00,610.20,"6,102.00",2024-03-26
286,HRL,2024032605000570,72,34,10.00,610.20,"6,102.00",2024-03-26
287,HRL,2024032605000574,91,58,10.00,610.10,"6,101.00",2024-03-26
288,HRL,2024032605000579,91,48,90.00,610.10,"54,909.00",2024-03-26
289,HRL,2024032605000580,49,48,15.00,610.00,"9,150.00",2024-03-26
290,HRL,2024032605000581,58,48,232.00,610.00,"141,520.00",2024-03-26
291,HRL,2024032605000582,56,48,93.00,610.00,"56,730.00",2024-03-26
292,HRL,2024032605000584,56,65,407.00,610.00,"248,270.00",2024-03-26
293,HRL,2024032605000585,7,65,20.00,610.00,"12,200.00",2024-03-26
294,HRL,2024032605000586,56,65,93.00,610.00,"56,730.00",2024-03-26
295,HRL,2024032605000600,5,44,10.00,610.10,"6,101.00",2024-03-26
296,HRL,2024032605000601,5,48,10.00,610.20,"6,102.00",2024-03-26
297,HRL,2024032605000603,56,17,10.00,610.00,"6,100.00",2024-03-26
298,HRL,2024032605000605,56,21,897.00,610.00,"547,170.00",2024-03-26
299,HRL,2024032605000606,28,21,100.00,610.00,"61,000.00",2024-03-26
300,HRL,2024032605000607,36,45,30.00,610.00,"18,300.00",2024-03-26
301,HRL,2024032605000608,34,45,10.00,610.00,"6,100.00",2024-03-26
302,HRL,2024032605000609,58,45,25.00,610.00,"15,250.00",2024-03-26
303,HRL,2024032605000610,38,45,285.00,610.00,"173,850.00",2024-03-26
304,HRL,2024032605000621,49,58,10.00,609.00,"6,090.00",2024-03-26
305,HRL,2024032605000622,25,6,20.00,609.00,"12,180.00",2024-03-26
306,HRL,2024032605000637,62,58,190.00,609.00,"115,710.00",2024-03-26
307,HRL,2024032605000638,5,21,10.00,608.30,"6,083.00",2024-03-26
308,HRL,2024032605000639,5,16,20.00,608.30,"12,166.00",2024-03-26
309,HRL,2024032605000641,62,49,50.00,609.00,"30,450.00",2024-03-26
310,HRL,2024032605000643,62,29,10.00,608.90,"6,089.00",2024-03-26
311,HRL,2024032605000644,62,45,150.00,610.00,"91,500.00",2024-03-26
312,HRL,2024032605000645,62,57,10.00,610.00,"6,100.00",2024-03-26
313,HRL,2024032605000646,62,45,10.00,610.00,"6,100.00",2024-03-26
314,HRL,2024032605000647,62,48,300.00,610.00,"183,000.00",2024-03-26
315,HRL,2024032605000648,62,34,10.00,610.00,"6,100.00",2024-03-26
316,HRL,2024032605000649,62,51,10.00,610.00,"6,100.00",2024-03-26
317,HRL,2024032605000650,62,52,20.00,610.00,"12,200.00",2024-03-26
318,HRL,2024032605000651,62,35,20.00,610.00,"12,200.00",2024-03-26
319,HRL,2024032605000652,62,52,20.00,610.00,"12,200.00",2024-03-26
320,HRL,2024032605000653,34,36,40.00,610.00,"24,400.00",2024-03-26
321,HRL,2024032605000654,34,58,20.00,610.00,"12,200.00",2024-03-26
322,HRL,2024032605000655,34,52,20.00,610.00,"12,200.00",2024-03-26
323,HRL,2024032605000656,34,55,30.00,610.00,"18,300.00",2024-03-26
324,HRL,2024032605000657,34,35,10.00,610.00,"6,100.00",2024-03-26
325,HRL,2024032605000658,34,17,10.00,610.00,"6,100.00",2024-03-26
326,HRL,2024032605000659,34,57,20.00,610.00,"12,200.00",2024-03-26
327,HRL,2024032605000664,5,49,20.00,608.30,"12,166.00",2024-03-26
328,HRL,2024032605000666,5,52,10.00,608.30,"6,083.00",2024-03-26
329,HRL,2024032605000674,5,56,20.00,608.30,"12,166.00",2024-03-26
330,HRL,2024032605000679,5,34,30.00,608.10,"18,243.00",2024-03-26
331,HRL,2024032605000688,42,3,10.00,608.30,"6,083.00",2024-03-26
332,HRL,2024032605000689,62,3,190.00,608.20,"115,558.00",2024-03-26
333,HRL,2024032605000695,62,57,10.00,608.20,"6,082.00",2024-03-26
334,HRL,2024032605000698,5,50,30.00,608.10,"18,243.00",2024-03-26
335,HRL,2024032605000699,34,49,10.00,608.10,"6,081.00",2024-03-26
336,HRL,2024032605000700,34,38,10.00,608.10,"6,081.00",2024-03-26
337,HRL,2024032605000702,34,3,400.00,608.10,"243,240.00",2024-03-26
338,HRL,2024032605000703,34,6,10.00,608.10,"6,081.00",2024-03-26
339,HRL,2024032605000704,34,19,20.00,608.10,"12,162.00",2024-03-26
340,HRL,2024032605000705,34,34,30.00,608.10,"18,243.00",2024-03-26
341,HRL,2024032605000708,34,74,10.00,608.10,"6,081.00",2024-03-26
342,HRL,2024032605000711,34,35,10.00,608.10,"6,081.00",2024-03-26
343,HRL,2024032605000715,34,49,20.00,608.10,"12,162.00",2024-03-26
344,HRL,2024032605000717,34,57,20.00,608.10,"12,162.00",2024-03-26
345,HRL,2024032605000721,34,51,10.00,608.10,"6,081.00",2024-03-26
346,HRL,2024032605000722,54,45,10.00,609.00,"6,090.00",2024-03-26
347,HRL,2024032605000723,54,40,140.00,609.00,"85,260.00",2024-03-26
348,HRL,2024032605000724,34,57,20.00,608.10,"12,162.00",2024-03-26
349,HRL,2024032605000727,34,56,20.00,608.10,"12,162.00",2024-03-26
350,HRL,2024032605000728,34,1,30.00,608.10,"18,243.00",2024-03-26
351,HRL,2024032605000729,34,35,10.00,608.10,"6,081.00",2024-03-26
352,HRL,2024032605000730,34,55,10.00,608.10,"6,081.00",2024-03-26
353,HRL,2024032605000731,34,59,10.00,608.00,"6,080.00",2024-03-26
354,HRL,2024032605000733,34,8,10.00,608.00,"6,080.00",2024-03-26
355,HRL,2024032605000734,34,55,10.00,608.00,"6,080.00",2024-03-26
356,HRL,2024032605000735,34,41,10.00,608.00,"6,080.00",2024-03-26
357,HRL,2024032605000736,34,95,10.00,608.00,"6,080.00",2024-03-26
358,HRL,2024032605000737,58,38,10.00,608.00,"6,080.00",2024-03-26
359,HRL,2024032605000738,38,38,20.00,608.00,"12,160.00",2024-03-26
360,HRL,2024032605000740,38,41,15.00,608.00,"9,120.00",2024-03-26
361,HRL,2024032605000741,55,41,15.00,608.00,"9,120.00",2024-03-26
362,HRL,2024032605000742,55,38,10.00,608.00,"6,080.00",2024-03-26
363,HRL,2024032605000746,55,21,"1,500.00",608.00,"912,000.00",2024-03-26
364,HRL,2024032605000748,55,18,30.00,608.00,"18,240.00",2024-03-26
365,HRL,2024032605000749,55,68,10.00,608.00,"6,080.00",2024-03-26
366,HRL,2024032605000751,69,35,10.00,608.10,"6,081.00",2024-03-26
367,HRL,2024032605000757,69,21,103.00,608.10,"62,634.30",2024-03-26
368,HRL,2024032605000764,69,33,10.00,608.10,"6,081.00",2024-03-26
369,HRL,2024032605000767,69,41,10.00,608.10,"6,081.00",2024-03-26
370,HRL,2024032605000769,69,1,10.00,608.10,"6,081.00",2024-03-26
371,HRL,2024032605000770,69,58,10.00,608.10,"6,081.00",2024-03-26
372,HRL,2024032605000771,69,7,10.00,608.10,"6,081.00",2024-03-26
373,HRL,2024032605000773,69,1,10.00,608.10,"6,081.00",2024-03-26
374,HRL,2024032605000775,69,36,10.00,608.10,"6,081.00",2024-03-26
375,HRL,2024032605000776,69,41,10.00,608.10,"6,081.00",2024-03-26
376,HRL,2024032605000777,35,52,10.00,608.10,"6,081.00",2024-03-26
377,HRL,2024032605000778,35,45,20.00,608.10,"12,162.00",2024-03-26
378,HRL,2024032605000780,35,57,20.00,608.10,"12,162.00",2024-03-26
379,HRL,2024032605000781,35,52,20.00,608.10,"12,162.00",2024-03-26
380,HRL,2024032605000783,35,58,10.00,608.10,"6,081.00",2024-03-26
381,HRL,2024032605000784,55,58,10.00,608.00,"6,080.00",2024-03-26
382,HRL,2024032605000786,55,45,10.00,608.00,"6,080.00",2024-03-26
383,HRL,2024032605000788,55,41,20.00,608.00,"12,160.00",2024-03-26
384,HRL,2024032605000789,54,6,10.00,608.10,"6,081.00",2024-03-26
385,HRL,2024032605000790,54,38,10.00,608.50,"6,085.00",2024-03-26
386,HRL,2024032605000791,54,42,10.00,608.50,"6,085.00",2024-03-26
387,HRL,2024032605000793,55,42,10.00,608.00,"6,080.00",2024-03-26
388,HRL,2024032605000794,42,58,30.00,608.50,"18,255.00",2024-03-26
389,HRL,2024032605000795,42,58,10.00,608.50,"6,085.00",2024-03-26
390,HRL,2024032605000796,42,40,160.00,609.00,"97,440.00",2024-03-26
391,HRL,2024032605000797,55,45,20.00,608.00,"12,160.00",2024-03-26
392,HRL,2024032605000800,55,51,20.00,608.00,"12,160.00",2024-03-26
393,HRL,2024032605000802,55,52,10.00,608.00,"6,080.00",2024-03-26
394,HRL,2024032605000803,55,58,20.00,608.00,"12,160.00",2024-03-26
395,HRL,2024032605000804,91,34,10.00,608.10,"6,081.00",2024-03-26
396,HRL,2024032605000808,91,52,20.00,608.10,"12,162.00",2024-03-26
397,HRL,2024032605000810,26,8,10.00,608.20,"6,082.00",2024-03-26
398,HRL,2024032605000811,26,34,30.00,608.20,"18,246.00",2024-03-26
399,HRL,2024032605000812,26,38,10.00,608.20,"6,082.00",2024-03-26
400,HRL,2024032605000813,91,38,20.00,608.20,"12,164.00",2024-03-26
401,HRL,2024032605000817,91,58,10.00,608.10,"6,081.00",2024-03-26
402,HRL,2024032605000827,91,48,10.00,608.10,"6,081.00",2024-03-26
403,HRL,2024032605000836,35,8,10.00,608.20,"6,082.00",2024-03-26
404,HRL,2024032605000837,35,51,10.00,608.20,"6,082.00",2024-03-26
405,HRL,2024032605000839,91,58,10.00,608.10,"6,081.00",2024-03-26
406,HRL,2024032605000840,91,51,10.00,608.10,"6,081.00",2024-03-26
407,HRL,2024032605000841,42,45,20.00,608.50,"12,170.00",2024-03-26
408,HRL,2024032605000842,42,58,20.00,608.60,"12,172.00",2024-03-26
409,HRL,2024032605000843,42,58,10.00,608.60,"6,086.00",2024-03-26
410,HRL,2024032605000844,42,55,10.00,608.60,"6,086.00",2024-03-26
411,HRL,2024032605000846,42,38,10.00,608.60,"6,086.00",2024-03-26
412,HRL,2024032605000847,42,41,30.00,608.60,"18,258.00",2024-03-26
413,HRL,2024032605000854,42,59,10.00,608.60,"6,086.00",2024-03-26
414,HRL,2024032605000855,42,44,10.00,608.60,"6,086.00",2024-03-26
415,HRL,2024032605000856,42,52,20.00,608.60,"12,172.00",2024-03-26
416,HRL,2024032605000860,42,38,40.00,608.60,"24,344.00",2024-03-26
417,HRL,2024032605000861,42,16,10.00,608.60,"6,086.00",2024-03-26
418,HRL,2024032605000862,42,58,10.00,608.60,"6,086.00",2024-03-26
419,HRL,2024032605000863,41,58,20.00,608.50,"12,170.00",2024-03-26
420,HRL,2024032605000864,91,18,40.00,608.10,"24,324.00",2024-03-26
421,HRL,2024032605000865,91,62,20.00,608.10,"12,162.00",2024-03-26
422,HRL,2024032605000866,91,45,10.00,608.10,"6,081.00",2024-03-26
423,HRL,2024032605000871,91,41,10.00,608.10,"6,081.00",2024-03-26
424,HRL,2024032605000872,91,8,10.00,608.10,"6,081.00",2024-03-26
425,HRL,2024032605000875,33,36,10.00,608.20,"6,082.00",2024-03-26
426,HRL,2024032605000879,33,44,10.00,608.20,"6,082.00",2024-03-26
427,HRL,2024032605000880,33,34,10.00,608.20,"6,082.00",2024-03-26
428,HRL,2024032605000885,33,58,10.00,608.20,"6,082.00",2024-03-26
429,HRL,2024032605000888,33,39,10.00,608.20,"6,082.00",2024-03-26
430,HRL,2024032605000889,91,39,20.00,608.10,"12,162.00",2024-03-26
431,HRL,2024032605000890,91,52,20.00,608.10,"12,162.00",2024-03-26
432,HRL,2024032605000893,91,58,20.00,608.10,"12,162.00",2024-03-26
433,HRL,2024032605000894,91,35,10.00,608.10,"6,081.00",2024-03-26
434,HRL,2024032605000896,5,8,10.00,608.20,"6,082.00",2024-03-26
435,HRL,2024032605000897,91,58,10.00,608.10,"6,081.00",2024-03-26
436,HRL,2024032605000898,91,29,200.00,608.10,"121,620.00",2024-03-26
437,HRL,2024032605000900,91,35,10.00,608.10,"6,081.00",2024-03-26
438,HRL,2024032605000904,91,19,10.00,608.10,"6,081.00",2024-03-26
439,HRL,2024032605000905,91,36,10.00,608.10,"6,081.00",2024-03-26
440,HRL,2024032605000906,91,34,10.00,608.10,"6,081.00",2024-03-26
441,HRL,2024032605000908,45,38,20.00,608.20,"12,164.00",2024-03-26
442,HRL,2024032605000909,45,62,45.00,608.20,"27,369.00",2024-03-26
443,HRL,2024032605000910,45,83,10.00,608.20,"6,082.00",2024-03-26
444,HRL,2024032605000911,45,52,20.00,608.20,"12,164.00",2024-03-26
445,HRL,2024032605000912,91,36,10.00,608.10,"6,081.00",2024-03-26
446,HRL,2024032605000914,91,36,10.00,608.10,"6,081.00",2024-03-26
447,HRL,2024032605000915,55,17,10.00,608.00,"6,080.00",2024-03-26
448,HRL,2024032605000922,55,58,30.00,608.00,"18,240.00",2024-03-26
449,HRL,2024032605000923,55,56,20.00,608.00,"12,160.00",2024-03-26
450,HRL,2024032605000924,55,42,20.00,608.00,"12,160.00",2024-03-26
451,HRL,2024032605000925,55,38,10.00,608.00,"6,080.00",2024-03-26
452,HRL,2024032605000926,55,17,10.00,608.00,"6,080.00",2024-03-26
453,HRL,2024032605000927,69,58,20.00,608.10,"12,162.00",2024-03-26
454,HRL,2024032605000928,69,58,20.00,608.10,"12,162.00",2024-03-26
455,HRL,2024032605000932,42,40,50.00,609.00,"30,450.00",2024-03-26
456,HRL,2024032605000933,69,57,10.00,608.20,"6,082.00",2024-03-26
457,HRL,2024032605000936,33,51,10.00,608.30,"6,083.00",2024-03-26
458,HRL,2024032605000937,33,21,20.00,608.30,"12,166.00",2024-03-26
459,HRL,2024032605000938,33,49,30.00,608.30,"18,249.00",2024-03-26
460,HRL,2024032605000939,33,48,30.00,608.30,"18,249.00",2024-03-26
461,HRL,2024032605000941,33,55,10.00,608.30,"6,083.00",2024-03-26
462,HRL,2024032605000946,69,49,10.00,608.20,"6,082.00",2024-03-26
463,HRL,2024032605000947,69,45,20.00,608.20,"12,164.00",2024-03-26
464,HRL,2024032605000951,69,51,10.00,608.20,"6,082.00",2024-03-26
465,HRL,2024032605000954,69,52,20.00,608.20,"12,164.00",2024-03-26
466,HRL,2024032605000955,69,58,10.00,608.20,"6,082.00",2024-03-26
467,HRL,2024032605000956,49,34,10.00,608.30,"6,083.00",2024-03-26
468,HRL,2024032605000957,69,34,87.00,608.20,"52,913.40",2024-03-26
469,HRL,2024032605000958,19,38,20.00,608.10,"12,162.00",2024-03-26
470,HRL,2024032605000960,19,1,10.00,608.10,"6,081.00",2024-03-26
471,HRL,2024032605000961,19,58,10.00,608.10,"6,081.00",2024-03-26
472,HRL,2024032605000964,19,57,10.00,608.10,"6,081.00",2024-03-26
473,HRL,2024032605000965,91,57,10.00,608.10,"6,081.00",2024-03-26
474,HRL,2024032605000966,91,66,10.00,608.10,"6,081.00",2024-03-26
475,HRL,2024032605000970,91,66,10.00,608.10,"6,081.00",2024-03-26
476,HRL,2024032605000974,91,46,20.00,608.10,"12,162.00",2024-03-26
477,HRL,2024032605000975,91,58,10.00,608.10,"6,081.00",2024-03-26
478,HRL,2024032605000977,91,58,20.00,608.10,"12,162.00",2024-03-26
479,HRL,2024032605000978,91,58,20.00,608.10,"12,162.00",2024-03-26
480,HRL,2024032605000979,22,34,258.00,608.20,"156,915.60",2024-03-26
481,HRL,2024032605000980,22,52,10.00,608.20,"6,082.00",2024-03-26
482,HRL,2024032605000981,62,52,10.00,608.20,"6,082.00",2024-03-26
483,HRL,2024032605000982,62,49,20.00,608.20,"12,164.00",2024-03-26
484,HRL,2024032605000983,62,64,10.00,608.90,"6,089.00",2024-03-26
485,HRL,2024032605000984,62,34,10.00,608.90,"6,089.00",2024-03-26
486,HRL,2024032605000985,62,40,150.00,609.00,"91,350.00",2024-03-26
487,HRL,2024032605000986,62,43,30.00,609.00,"18,270.00",2024-03-26
488,HRL,2024032605000987,62,57,20.00,609.00,"12,180.00",2024-03-26
489,HRL,2024032605000988,62,46,10.00,609.00,"6,090.00",2024-03-26
490,HRL,2024032605000989,62,52,20.00,609.00,"12,180.00",2024-03-26
491,HRL,2024032605000990,62,35,10.00,608.20,"6,082.00",2024-03-26
492,HRL,2024032605000991,13,52,10.00,609.00,"6,090.00",2024-03-26
493,HRL,2024032605000992,13,35,10.00,609.00,"6,090.00",2024-03-26
494,HRL,2024032605000993,13,41,10.00,609.00,"6,090.00",2024-03-26
495,HRL,2024032605000994,13,14,20.00,609.00,"12,180.00",2024-03-26
496,HRL,2024032605000995,13,26,10.00,609.00,"6,090.00",2024-03-26
497,HRL,2024032605000996,13,50,340.00,609.00,"207,060.00",2024-03-26
498,HRL,2024032605000997,62,58,10.00,608.20,"6,082.00",2024-03-26
499,HRL,2024032605000999,62,49,10.00,608.20,"6,082.00",2024-03-26
500,HRL,2024032605001000,62,48,20.00,608.20,"12,164.00",2024-03-26
501,HRL,2024032605001010,62,4,10.00,608.20,"6,082.00",2024-03-26
502,HRL,2024032605001012,62,37,20.00,608.20,"12,164.00",2024-03-26
503,HRL,2024032605001015,62,52,20.00,608.20,"12,164.00",2024-03-26
504,HRL,2024032605001019,62,47,10.00,608.20,"6,082.00",2024-03-26
505,HRL,2024032605001026,62,57,10.00,608.20,"6,082.00",2024-03-26
506,HRL,2024032605001027,62,22,30.00,608.20,"18,246.00",2024-03-26
507,HRL,2024032605001028,62,34,20.00,608.20,"12,164.00",2024-03-26
508,HRL,2024032605001030,62,53,20.00,608.20,"12,164.00",2024-03-26
509,HRL,2024032605001031,62,4,20.00,608.20,"12,164.00",2024-03-26
510,HRL,2024032605001032,62,32,10.00,608.20,"6,082.00",2024-03-26
511,HRL,2024032605001033,19,6,10.00,608.20,"6,082.00",2024-03-26
512,HRL,2024032605001035,19,57,10.00,608.20,"6,082.00",2024-03-26
513,HRL,2024032605001039,19,35,20.00,608.20,"12,164.00",2024-03-26
514,HRL,2024032605001047,19,32,10.00,608.20,"6,082.00",2024-03-26
515,HRL,2024032605001051,19,34,10.00,608.20,"6,082.00",2024-03-26
516,HRL,2024032605001052,19,6,10.00,608.20,"6,082.00",2024-03-26
517,HRL,2024032605001056,19,42,30.00,608.20,"18,246.00",2024-03-26
518,HRL,2024032605001059,19,55,20.00,608.20,"12,164.00",2024-03-26
519,HRL,2024032605001060,19,21,10.00,608.20,"6,082.00",2024-03-26
520,HRL,2024032605001062,19,22,30.00,608.20,"18,246.00",2024-03-26
521,HRL,2024032605001063,19,42,10.00,608.20,"6,082.00",2024-03-26
522,HRL,2024032605001068,16,50,50.00,609.00,"30,450.00",2024-03-26
523,HRL,2024032605001072,45,39,20.00,608.30,"12,166.00",2024-03-26
524,HRL,2024032605001076,46,50,110.00,609.00,"66,990.00",2024-03-26
525,HRL,2024032605001077,46,3,10.00,609.00,"6,090.00",2024-03-26
526,HRL,2024032605001078,46,48,10.00,609.00,"6,090.00",2024-03-26
527,HRL,2024032605001079,46,43,20.00,609.00,"12,180.00",2024-03-26
528,HRL,2024032605001081,19,49,30.00,608.20,"18,246.00",2024-03-26
529,HRL,2024032605001086,19,48,10.00,608.20,"6,082.00",2024-03-26
530,HRL,2024032605001087,19,22,20.00,608.20,"12,164.00",2024-03-26
531,HRL,2024032605001088,19,35,10.00,608.20,"6,082.00",2024-03-26
532,HRL,2024032605001089,19,62,10.00,608.20,"6,082.00",2024-03-26
533,HRL,2024032605001091,19,70,10.00,608.20,"6,082.00",2024-03-26
534,HRL,2024032605001097,45,42,10.00,608.50,"6,085.00",2024-03-26
535,HRL,2024032605001098,56,22,30.00,608.50,"18,255.00",2024-03-26
536,HRL,2024032605001103,5,58,10.00,609.00,"6,090.00",2024-03-26
537,HRL,2024032605001104,5,4,20.00,609.00,"12,180.00",2024-03-26
538,HRL,2024032605001105,5,26,70.00,609.40,"42,658.00",2024-03-26
539,HRL,2024032605001112,19,4,10.00,608.60,"6,086.00",2024-03-26
540,HRL,2024032605001113,19,18,30.00,608.60,"18,258.00",2024-03-26
541,HRL,2024032605001114,56,18,10.00,608.50,"6,085.00",2024-03-26
542,HRL,2024032605001122,56,49,20.00,608.50,"12,170.00",2024-03-26
543,HRL,2024032605001123,56,6,10.00,608.50,"6,085.00",2024-03-26
544,HRL,2024032605001127,56,58,20.00,608.50,"12,170.00",2024-03-26
545,HRL,2024032605001128,56,45,30.00,608.50,"18,255.00",2024-03-26
546,HRL,2024032605001135,56,34,20.00,608.50,"12,170.00",2024-03-26
547,HRL,2024032605001137,19,57,10.00,608.60,"6,086.00",2024-03-26
548,HRL,2024032605001141,19,6,10.00,608.60,"6,086.00",2024-03-26
549,HRL,2024032605001142,19,4,10.00,608.60,"6,086.00",2024-03-26
550,HRL,2024032605001147,37,42,10.00,608.70,"6,087.00",2024-03-26
551,HRL,2024032605001150,37,34,10.00,608.70,"6,087.00",2024-03-26
552,HRL,2024032605001157,19,6,20.00,608.80,"12,176.00",2024-03-26
553,HRL,2024032605001158,19,8,10.00,608.80,"6,088.00",2024-03-26
554,HRL,2024032605001160,37,51,10.00,608.90,"6,089.00",2024-03-26
555,HRL,2024032605001162,37,7,20.00,608.90,"12,178.00",2024-03-26
556,HRL,2024032605001164,37,58,10.00,608.90,"6,089.00",2024-03-26
557,HRL,2024032605001165,37,35,10.00,608.90,"6,089.00",2024-03-26
558,HRL,2024032605001168,37,47,10.00,608.90,"6,089.00",2024-03-26
559,HRL,2024032605001170,44,58,10.00,609.00,"6,090.00",2024-03-26
560,HRL,2024032605001171,44,34,20.00,609.00,"12,180.00",2024-03-26
561,HRL,2024032605001172,44,40,10.00,609.00,"6,090.00",2024-03-26
562,HRL,2024032605001176,44,39,20.00,609.00,"12,180.00",2024-03-26
563,HRL,2024032605001177,44,55,20.00,609.00,"12,180.00",2024-03-26
564,HRL,2024032605001179,44,57,10.00,609.00,"6,090.00",2024-03-26
565,HRL,2024032605001180,5,26,70.00,609.40,"42,658.00",2024-03-26
566,HRL,2024032605001181,5,52,30.00,609.50,"18,285.00",2024-03-26
567,HRL,2024032605001182,5,57,10.00,609.50,"6,095.00",2024-03-26
568,HRL,2024032605001183,5,57,20.00,609.90,"12,198.00",2024-03-26
569,HRL,2024032605001184,5,44,10.00,609.90,"6,099.00",2024-03-26
570,HRL,2024032605001185,57,49,10.00,610.00,"6,100.00",2024-03-26
571,HRL,2024032605001186,57,58,20.00,610.00,"12,200.00",2024-03-26
572,HRL,2024032605001187,57,52,20.00,610.00,"12,200.00",2024-03-26
573,HRL,2024032605001188,57,29,40.00,610.00,"24,400.00",2024-03-26
574,HRL,2024032605001189,57,58,20.00,610.00,"12,200.00",2024-03-26
575,HRL,2024032605001190,57,57,10.00,610.00,"6,100.00",2024-03-26
576,HRL,2024032605001191,57,52,20.00,610.00,"12,200.00",2024-03-26
577,HRL,2024032605001192,57,46,10.00,610.00,"6,100.00",2024-03-26
578,HRL,2024032605001193,57,34,10.00,610.00,"6,100.00",2024-03-26
579,HRL,2024032605001194,57,34,10.00,610.00,"6,100.00",2024-03-26
580,HRL,2024032605001195,57,58,10.00,610.00,"6,100.00",2024-03-26
581,HRL,2024032605001196,57,58,187.00,610.00,"114,070.00",2024-03-26
582,HRL,2024032605001197,57,38,10.00,610.00,"6,100.00",2024-03-26
583,HRL,2024032605001198,57,58,20.00,610.00,"12,200.00",2024-03-26
584,HRL,2024032605001199,57,22,20.00,610.00,"12,200.00",2024-03-26
585,HRL,2024032605001200,57,55,100.00,610.00,"61,000.00",2024-03-26
586,HRL,2024032605001201,57,58,10.00,610.00,"6,100.00",2024-03-26
587,HRL,2024032605001202,57,56,10.00,610.00,"6,100.00",2024-03-26
588,HRL,2024032605001203,57,38,10.00,610.00,"6,100.00",2024-03-26
589,HRL,2024032605001204,57,58,20.00,610.00,"12,200.00",2024-03-26
590,HRL,2024032605001205,57,3,10.00,610.00,"6,100.00",2024-03-26
591,HRL,2024032605001206,57,42,10.00,610.00,"6,100.00",2024-03-26
592,HRL,2024032605001207,57,22,10.00,610.00,"6,100.00",2024-03-26
593,HRL,2024032605001208,57,58,10.00,610.00,"6,100.00",2024-03-26
594,HRL,2024032605001209,57,49,10.00,610.00,"6,100.00",2024-03-26
595,HRL,2024032605001210,57,49,10.00,610.00,"6,100.00",2024-03-26
596,HRL,2024032605001211,57,58,10.00,610.00,"6,100.00",2024-03-26
597,HRL,2024032605001212,57,42,30.00,610.00,"18,300.00",2024-03-26
598,HRL,2024032605001213,57,57,10.00,610.00,"6,100.00",2024-03-26
599,HRL,2024032605001214,57,17,10.00,610.00,"6,100.00",2024-03-26
600,HRL,2024032605001215,57,49,10.00,610.00,"6,100.00",2024-03-26
601,HRL,2024032605001216,57,49,10.00,610.00,"6,100.00",2024-03-26
602,HRL,2024032605001217,57,64,10.00,610.00,"6,100.00",2024-03-26
603,HRL,2024032605001218,57,55,758.00,610.00,"462,380.00",2024-03-26
604,HRL,2024032605001224,5,55,60.00,610.00,"36,600.00",2024-03-26
605,HRL,2024032605001227,34,55,50.00,610.00,"30,500.00",2024-03-26
606,HRL,2024032605001229,44,45,10.00,609.00,"6,090.00",2024-03-26
607,HRL,2024032605001231,58,49,10.00,609.00,"6,090.00",2024-03-26
608,HRL,2024032605001233,37,55,132.00,610.00,"80,520.00",2024-03-26
609,HRL,2024032605001234,37,49,10.00,610.00,"6,100.00",2024-03-26
610,HRL,2024032605001235,37,28,10.00,610.00,"6,100.00",2024-03-26
611,HRL,2024032605001236,37,49,10.00,610.00,"6,100.00",2024-03-26
612,HRL,2024032605001237,37,11,10.00,610.00,"6,100.00",2024-03-26
613,HRL,2024032605001238,37,32,10.00,610.00,"6,100.00",2024-03-26
614,HRL,2024032605001239,37,38,10.00,610.00,"6,100.00",2024-03-26
615,HRL,2024032605001240,37,4,10.00,610.00,"6,100.00",2024-03-26
616,HRL,2024032605001241,37,38,10.00,610.00,"6,100.00",2024-03-26
617,HRL,2024032605001242,37,45,10.00,610.00,"6,100.00",2024-03-26
618,HRL,2024032605001243,37,39,10.00,610.00,"6,100.00",2024-03-26
619,HRL,2024032605001244,37,38,20.00,610.00,"12,200.00",2024-03-26
620,HRL,2024032605001245,37,45,10.00,610.00,"6,100.00",2024-03-26
621,HRL,2024032605001246,37,43,20.00,610.00,"12,200.00",2024-03-26
622,HRL,2024032605001247,37,34,10.00,610.00,"6,100.00",2024-03-26
623,HRL,2024032605001249,37,35,20.00,610.00,"12,200.00",2024-03-26
624,HRL,2024032605001251,37,39,20.00,610.00,"12,200.00",2024-03-26
625,HRL,2024032605001252,91,38,10.00,610.50,"6,105.00",2024-03-26
626,HRL,2024032605001253,91,58,10.00,610.50,"6,105.00",2024-03-26
627,HRL,2024032605001254,37,39,10.00,610.00,"6,100.00",2024-03-26
628,HRL,2024032605001255,37,49,10.00,610.00,"6,100.00",2024-03-26
629,HRL,2024032605001256,37,48,10.00,610.00,"6,100.00",2024-03-26
630,HRL,2024032605001257,37,36,10.00,610.00,"6,100.00",2024-03-26
631,HRL,2024032605001258,37,55,18.00,610.00,"10,980.00",2024-03-26
632,HRL,2024032605001260,49,40,20.00,610.00,"12,200.00",2024-03-26
633,HRL,2024032605001261,38,55,100.00,610.50,"61,050.00",2024-03-26
634,HRL,2024032605001265,58,38,10.00,609.00,"6,090.00",2024-03-26
635,HRL,2024032605001267,52,4,10.00,609.00,"6,090.00",2024-03-26
636,HRL,2024032605001274,19,34,20.00,608.90,"12,178.00",2024-03-26
637,HRL,2024032605001275,19,42,10.00,608.90,"6,089.00",2024-03-26
638,HRL,2024032605001281,19,39,20.00,608.90,"12,178.00",2024-03-26
639,HRL,2024032605001282,19,49,10.00,608.90,"6,089.00",2024-03-26
640,HRL,2024032605001283,46,21,20.00,609.00,"12,180.00",2024-03-26
641,HRL,2024032605001288,19,47,10.00,608.90,"6,089.00",2024-03-26
642,HRL,2024032605001294,19,34,10.00,608.90,"6,089.00",2024-03-26
643,HRL,2024032605001300,19,70,10.00,608.90,"6,089.00",2024-03-26
644,HRL,2024032605001301,19,55,20.00,608.90,"12,178.00",2024-03-26
645,HRL,2024032605001303,46,56,10.00,609.00,"6,090.00",2024-03-26
646,HRL,2024032605001304,46,58,10.00,609.00,"6,090.00",2024-03-26
647,HRL,2024032605001305,46,64,10.00,609.00,"6,090.00",2024-03-26
648,HRL,2024032605001307,19,34,10.00,608.90,"6,089.00",2024-03-26
649,HRL,2024032605001310,19,57,10.00,608.90,"6,089.00",2024-03-26
650,HRL,2024032605001312,34,34,20.00,609.00,"12,180.00",2024-03-26
651,HRL,2024032605001313,34,4,20.00,609.00,"12,180.00",2024-03-26
652,HRL,2024032605001314,32,58,20.00,610.00,"12,200.00",2024-03-26
653,HRL,2024032605001318,34,45,10.00,609.00,"6,090.00",2024-03-26
654,HRL,2024032605001319,49,45,10.00,609.00,"6,090.00",2024-03-26
655,HRL,2024032605001322,19,39,10.00,608.90,"6,089.00",2024-03-26
656,HRL,2024032605001323,37,39,10.00,608.90,"6,089.00",2024-03-26
657,HRL,2024032605001326,37,55,20.00,608.90,"12,178.00",2024-03-26
658,HRL,2024032605001327,50,45,49.00,608.60,"29,821.40",2024-03-26
659,HRL,2024032605001328,45,45,26.00,608.60,"15,823.60",2024-03-26
660,HRL,2024032605001339,54,4,10.00,608.70,"6,087.00",2024-03-26
661,HRL,2024032605001340,54,39,10.00,608.70,"6,087.00",2024-03-26
662,HRL,2024032605001341,74,39,10.00,608.70,"6,087.00",2024-03-26
663,HRL,2024032605001345,74,58,20.00,608.70,"12,174.00",2024-03-26
664,HRL,2024032605001346,91,42,300.00,608.70,"182,610.00",2024-03-26
665,HRL,2024032605001347,45,42,10.00,608.60,"6,086.00",2024-03-26
666,HRL,2024032605001348,45,38,10.00,608.60,"6,086.00",2024-03-26
667,HRL,2024032605001349,45,53,30.00,608.60,"18,258.00",2024-03-26
668,HRL,2024032605001350,45,7,10.00,608.60,"6,086.00",2024-03-26
669,HRL,2024032605001352,45,8,10.00,608.60,"6,086.00",2024-03-26
670,HRL,2024032605001354,45,51,10.00,608.60,"6,086.00",2024-03-26
671,HRL,2024032605001355,45,39,20.00,608.60,"12,172.00",2024-03-26
672,HRL,2024032605001363,45,34,10.00,608.60,"6,086.00",2024-03-26
673,HRL,2024032605001364,45,49,10.00,608.60,"6,086.00",2024-03-26
674,HRL,2024032605001365,45,42,10.00,608.60,"6,086.00",2024-03-26
675,HRL,2024032605001367,45,6,10.00,608.60,"6,086.00",2024-03-26
676,HRL,2024032605001369,55,10,10.00,608.70,"6,087.00",2024-03-26
677,HRL,2024032605001370,50,58,10.00,609.00,"6,090.00",2024-03-26
678,HRL,2024032605001371,50,17,10.00,609.00,"6,090.00",2024-03-26
679,HRL,2024032605001372,55,19,20.00,608.70,"12,174.00",2024-03-26
680,HRL,2024032605001373,55,55,20.00,608.70,"12,174.00",2024-03-26
681,HRL,2024032605001377,55,58,20.00,608.70,"12,174.00",2024-03-26
682,HRL,2024032605001378,55,56,20.00,608.70,"12,174.00",2024-03-26
683,HRL,2024032605001379,55,39,20.00,608.70,"12,174.00",2024-03-26
684,HRL,2024032605001380,55,58,20.00,608.70,"12,174.00",2024-03-26
685,HRL,2024032605001381,55,58,295.00,608.60,"179,537.00",2024-03-26
686,HRL,2024032605001386,55,47,10.00,608.60,"6,086.00",2024-03-26
687,HRL,2024032605001388,55,58,20.00,608.60,"12,172.00",2024-03-26
688,HRL,2024032605001390,39,7,10.00,609.00,"6,090.00",2024-03-26
689,HRL,2024032605001391,39,57,10.00,609.00,"6,090.00",2024-03-26
690,HRL,2024032605001392,39,52,30.00,609.00,"18,270.00",2024-03-26
691,HRL,2024032605001393,39,7,10.00,609.00,"6,090.00",2024-03-26
692,HRL,2024032605001394,39,6,10.00,609.00,"6,090.00",2024-03-26
693,HRL,2024032605001401,39,4,20.00,609.00,"12,180.00",2024-03-26
694,HRL,2024032605001403,39,38,10.00,609.00,"6,090.00",2024-03-26
695,HRL,2024032605001404,34,45,30.00,608.80,"18,264.00",2024-03-26
696,HRL,2024032605001409,34,38,10.00,608.80,"6,088.00",2024-03-26
697,HRL,2024032605001410,34,19,10.00,608.90,"6,089.00",2024-03-26
698,HRL,2024032605001412,34,94,10.00,608.90,"6,089.00",2024-03-26
699,HRL,2024032605001414,39,17,10.00,609.00,"6,090.00",2024-03-26
700,HRL,2024032605001417,39,49,20.00,609.00,"12,180.00",2024-03-26
701,HRL,2024032605001419,39,55,20.00,609.00,"12,180.00",2024-03-26
702,HRL,2024032605001420,39,62,10.00,609.00,"6,090.00",2024-03-26
703,HRL,2024032605001421,39,49,10.00,609.00,"6,090.00",2024-03-26
704,HRL,2024032605001423,39,57,10.00,609.00,"6,090.00",2024-03-26
705,HRL,2024032605001427,58,55,10.00,610.00,"6,100.00",2024-03-26
706,HRL,2024032605001428,58,3,10.00,610.00,"6,100.00",2024-03-26
707,HRL,2024032605001429,58,55,20.00,610.00,"12,200.00",2024-03-26
708,HRL,2024032605001430,39,55,10.00,609.00,"6,090.00",2024-03-26
709,HRL,2024032605001432,39,6,10.00,609.00,"6,090.00",2024-03-26
710,HRL,2024032605001433,50,49,20.00,609.00,"12,180.00",2024-03-26
711,HRL,2024032605001434,34,55,80.00,610.00,"48,800.00",2024-03-26
712,HRL,2024032605001435,34,40,150.00,610.00,"91,500.00",2024-03-26
713,HRL,2024032605001437,50,49,10.00,609.00,"6,090.00",2024-03-26
714,HRL,2024032605001440,25,40,50.00,610.00,"30,500.00",2024-03-26
715,HRL,2024032605001441,25,38,30.00,610.00,"18,300.00",2024-03-26
716,HRL,2024032605001442,25,40,10.00,610.00,"6,100.00",2024-03-26
717,HRL,2024032605001443,25,18,10.00,610.00,"6,100.00",2024-03-26
718,HRL,2024032605001444,25,58,20.00,610.00,"12,200.00",2024-03-26
719,HRL,2024032605001445,25,58,10.00,610.00,"6,100.00",2024-03-26
720,HRL,2024032605001446,25,94,10.00,610.00,"6,100.00",2024-03-26
721,HRL,2024032605001447,25,38,10.00,610.00,"6,100.00",2024-03-26
722,HRL,2024032605001448,25,46,20.00,610.00,"12,200.00",2024-03-26
723,HRL,2024032605001449,25,34,10.00,610.00,"6,100.00",2024-03-26
724,HRL,2024032605001450,25,54,10.00,610.00,"6,100.00",2024-03-26
725,HRL,2024032605001451,25,58,10.00,610.00,"6,100.00",2024-03-26
726,HRL,2024032605001455,50,58,10.00,609.00,"6,090.00",2024-03-26
727,HRL,2024032605001457,50,38,10.00,609.00,"6,090.00",2024-03-26
728,HRL,2024032605001466,84,58,10.00,610.00,"6,100.00",2024-03-26
729,HRL,2024032605001467,84,43,20.00,610.00,"12,200.00",2024-03-26
730,HRL,2024032605001468,84,58,30.00,610.00,"18,300.00",2024-03-26
731,HRL,2024032605001469,84,38,10.00,610.00,"6,100.00",2024-03-26
732,HRL,2024032605001470,84,26,10.00,610.20,"6,102.00",2024-03-26
733,HRL,2024032605001471,84,55,900.00,610.50,"549,450.00",2024-03-26
734,HRL,2024032605001472,84,55,520.00,610.50,"317,460.00",2024-03-26
735,HRL,2024032605001478,41,39,20.00,609.50,"12,190.00",2024-03-26
736,HRL,2024032605001479,25,55,25.00,610.50,"15,262.50",2024-03-26
737,HRL,2024032605001480,41,58,10.00,609.50,"6,095.00",2024-03-26
738,HRL,2024032605001485,41,4,20.00,609.50,"12,190.00",2024-03-26
739,HRL,2024032605001488,41,58,10.00,609.50,"6,095.00",2024-03-26
740,HRL,2024032605001492,7,43,10.00,610.00,"6,100.00",2024-03-26
741,HRL,2024032605001493,7,36,10.00,610.00,"6,100.00",2024-03-26
742,HRL,2024032605001495,55,32,20.00,610.00,"12,200.00",2024-03-26
743,HRL,2024032605001497,55,36,10.00,610.00,"6,100.00",2024-03-26
744,HRL,2024032605001500,55,39,10.00,610.00,"6,100.00",2024-03-26
745,HRL,2024032605001501,55,58,10.00,610.00,"6,100.00",2024-03-26
746,HRL,2024032605001507,44,34,200.00,610.10,"122,020.00",2024-03-26
747,HRL,2024032605001510,44,43,20.00,610.10,"12,202.00",2024-03-26
748,HRL,2024032605001514,44,45,30.00,610.10,"18,303.00",2024-03-26
749,HRL,2024032605001516,44,14,10.00,610.10,"6,101.00",2024-03-26
750,HRL,2024032605001517,44,43,20.00,610.10,"12,202.00",2024-03-26
751,HRL,2024032605001518,44,56,30.00,610.10,"18,303.00",2024-03-26
752,HRL,2024032605001519,44,68,90.00,610.10,"54,909.00",2024-03-26
753,HRL,2024032605001536,55,56,10.00,610.00,"6,100.00",2024-03-26
754,HRL,2024032605001539,55,48,10.00,610.00,"6,100.00",2024-03-26
755,HRL,2024032605001542,55,58,10.00,610.00,"6,100.00",2024-03-26
756,HRL,2024032605001543,58,68,40.00,610.10,"24,404.00",2024-03-26
757,HRL,2024032605001544,38,3,100.00,610.80,"61,080.00",2024-03-26
758,HRL,2024032605001545,55,43,20.00,610.00,"12,200.00",2024-03-26
759,HRL,2024032605001546,58,35,10.00,610.20,"6,102.00",2024-03-26
760,HRL,2024032605001547,43,3,309.00,610.80,"188,737.20",2024-03-26
761,HRL,2024032605001548,66,64,300.00,610.90,"183,270.00",2024-03-26
762,HRL,2024032605001549,66,45,10.00,610.90,"6,109.00",2024-03-26
763,HRL,2024032605001550,66,41,10.00,611.00,"6,110.00",2024-03-26
764,HRL,2024032605001551,66,44,10.00,611.00,"6,110.00",2024-03-26
765,HRL,2024032605001552,66,42,10.00,611.00,"6,110.00",2024-03-26
766,HRL,2024032605001553,66,48,10.00,611.00,"6,110.00",2024-03-26
767,HRL,2024032605001554,66,40,50.00,611.00,"30,550.00",2024-03-26
768,HRL,2024032605001556,43,48,10.00,610.80,"6,108.00",2024-03-26
769,HRL,2024032605001557,43,43,20.00,610.80,"12,216.00",2024-03-26
770,HRL,2024032605001558,84,40,675.00,611.00,"412,425.00",2024-03-26
771,HRL,2024032605001559,84,45,10.00,611.00,"6,110.00",2024-03-26
772,HRL,2024032605001560,84,7,10.00,611.00,"6,110.00",2024-03-26
773,HRL,2024032605001561,84,19,30.00,611.00,"18,330.00",2024-03-26
774,HRL,2024032605001562,84,35,40.00,611.00,"24,440.00",2024-03-26
775,HRL,2024032605001563,84,6,10.00,611.00,"6,110.00",2024-03-26
776,HRL,2024032605001564,84,44,20.00,611.00,"12,220.00",2024-03-26
777,HRL,2024032605001565,84,49,10.00,611.00,"6,110.00",2024-03-26
778,HRL,2024032605001566,84,55,"1,995.00",611.00,"1,218,945.00",2024-03-26
779,HRL,2024032605001567,43,57,10.00,610.80,"6,108.00",2024-03-26
780,HRL,2024032605001568,58,42,30.00,611.00,"18,330.00",2024-03-26
781,HRL,2024032605001569,58,58,10.00,611.00,"6,110.00",2024-03-26
782,HRL,2024032605001570,58,35,20.00,611.00,"12,220.00",2024-03-26
783,HRL,2024032605001574,43,20,20.00,610.10,"12,202.00",2024-03-26
784,HRL,2024032605001575,43,48,10.00,610.10,"6,101.00",2024-03-26
785,HRL,2024032605001576,43,40,10.00,610.10,"6,101.00",2024-03-26
786,HRL,2024032605001577,52,17,10.00,611.00,"6,110.00",2024-03-26
787,HRL,2024032605001579,52,58,10.00,611.00,"6,110.00",2024-03-26
788,HRL,2024032605001580,43,58,35.00,610.10,"21,353.50",2024-03-26
789,HRL,2024032605001585,62,36,10.00,610.20,"6,102.00",2024-03-26
790,HRL,2024032605001586,45,51,10.00,611.00,"6,110.00",2024-03-26
791,HRL,2024032605001587,53,59,20.00,610.30,"12,206.00",2024-03-26
792,HRL,2024032605001588,62,59,10.00,610.20,"6,102.00",2024-03-26
793,HRL,2024032605001592,62,3,10.00,610.20,"6,102.00",2024-03-26
794,HRL,2024032605001594,62,36,10.00,610.20,"6,102.00",2024-03-26
795,HRL,2024032605001595,62,51,20.00,610.20,"12,204.00",2024-03-26
796,HRL,2024032605001596,34,49,10.00,610.50,"6,105.00",2024-03-26
797,HRL,2024032605001598,34,3,10.00,610.50,"6,105.00",2024-03-26
798,HRL,2024032605001602,34,6,10.00,610.50,"6,105.00",2024-03-26
799,HRL,2024032605001603,52,42,10.00,611.00,"6,110.00",2024-03-26
800,HRL,2024032605001604,34,94,10.00,610.50,"6,105.00",2024-03-26
801,HRL,2024032605001605,34,35,10.00,610.50,"6,105.00",2024-03-26
802,HRL,2024032605001607,34,58,20.00,610.50,"12,210.00",2024-03-26
803,HRL,2024032605001608,59,58,10.00,611.00,"6,110.00",2024-03-26
804,HRL,2024032605001609,59,36,10.00,611.00,"6,110.00",2024-03-26
805,HRL,2024032605001610,59,49,69.00,611.00,"42,159.00",2024-03-26
806,HRL,2024032605001611,34,51,10.00,610.50,"6,105.00",2024-03-26
807,HRL,2024032605001615,11,49,10.00,610.50,"6,105.00",2024-03-26
808,HRL,2024032605001617,11,34,10.00,610.50,"6,105.00",2024-03-26
809,HRL,2024032605001618,34,36,10.00,610.50,"6,105.00",2024-03-26
810,HRL,2024032605001620,34,58,10.00,610.50,"6,105.00",2024-03-26
811,HRL,2024032605001621,34,7,10.00,610.50,"6,105.00",2024-03-26
812,HRL,2024032605001626,26,29,30.00,610.30,"18,309.00",2024-03-26
813,HRL,2024032605001627,26,8,20.00,610.30,"12,206.00",2024-03-26
814,HRL,2024032605001628,62,35,10.00,610.20,"6,102.00",2024-03-26
815,HRL,2024032605001631,62,36,10.00,610.20,"6,102.00",2024-03-26
816,HRL,2024032605001632,62,56,20.00,610.20,"12,204.00",2024-03-26
817,HRL,2024032605001633,34,8,10.00,610.30,"6,103.00",2024-03-26
818,HRL,2024032605001635,6,7,20.00,610.50,"12,210.00",2024-03-26
819,HRL,2024032605001637,6,50,20.00,610.50,"12,210.00",2024-03-26
820,HRL,2024032605001639,6,46,10.00,610.50,"6,105.00",2024-03-26
821,HRL,2024032605001641,49,6,10.00,610.50,"6,105.00",2024-03-26
822,HRL,2024032605001647,49,57,20.00,610.50,"12,210.00",2024-03-26
823,HRL,2024032605001648,49,29,20.00,610.50,"12,210.00",2024-03-26
824,HRL,2024032605001650,62,7,10.00,610.60,"6,106.00",2024-03-26
825,HRL,2024032605001651,62,59,20.00,610.60,"12,212.00",2024-03-26
826,HRL,2024032605001654,62,8,10.00,610.60,"6,106.00",2024-03-26
827,HRL,2024032605001655,62,44,100.00,610.60,"61,060.00",2024-03-26
828,HRL,2024032605001658,62,58,10.00,610.60,"6,106.00",2024-03-26
829,HRL,2024032605001659,62,45,20.00,610.60,"12,212.00",2024-03-26
830,HRL,2024032605001661,41,58,10.00,610.80,"6,108.00",2024-03-26
831,HRL,2024032605001662,41,58,10.00,610.80,"6,108.00",2024-03-26
832,HRL,2024032605001663,45,49,35.00,611.00,"21,385.00",2024-03-26
833,HRL,2024032605001672,58,49,250.00,611.00,"152,750.00",2024-03-26
834,HRL,2024032605001673,45,49,100.00,611.00,"61,100.00",2024-03-26
835,HRL,2024032605001674,41,19,10.00,610.80,"6,108.00",2024-03-26
836,HRL,2024032605001677,41,49,10.00,610.80,"6,108.00",2024-03-26
837,HRL,2024032605001678,41,58,10.00,610.80,"6,108.00",2024-03-26
838,HRL,2024032605001680,41,52,160.00,610.80,"97,728.00",2024-03-26
839,HRL,2024032605001681,49,49,14.00,611.00,"8,554.00",2024-03-26
840,HRL,2024032605001683,41,49,32.00,611.00,"19,552.00",2024-03-26
841,HRL,2024032605001684,41,38,20.00,611.00,"12,220.00",2024-03-26
842,HRL,2024032605001685,41,36,10.00,611.00,"6,110.00",2024-03-26
843,HRL,2024032605001686,41,55,38.00,611.00,"23,218.00",2024-03-26
844,HRL,2024032605001688,49,55,20.00,611.00,"12,220.00",2024-03-26
845,HRL,2024032605001690,62,4,20.00,610.90,"12,218.00",2024-03-26
846,HRL,2024032605001696,34,55,32.00,611.00,"19,552.00",2024-03-26
847,HRL,2024032605001697,34,8,68.00,611.00,"41,548.00",2024-03-26
848,HRL,2024032605001698,62,59,20.00,610.90,"12,218.00",2024-03-26
849,HRL,2024032605001699,34,8,32.00,611.00,"19,552.00",2024-03-26
850,HRL,2024032605001700,34,49,20.00,611.00,"12,220.00",2024-03-26
851,HRL,2024032605001701,34,46,20.00,611.00,"12,220.00",2024-03-26
852,HRL,2024032605001702,34,49,10.00,611.00,"6,110.00",2024-03-26
853,HRL,2024032605001703,34,41,30.00,611.00,"18,330.00",2024-03-26
854,HRL,2024032605001704,34,36,10.00,611.00,"6,110.00",2024-03-26
855,HRL,2024032605001705,34,36,10.00,611.00,"6,110.00",2024-03-26
856,HRL,2024032605001706,34,1,10.00,611.00,"6,110.00",2024-03-26
857,HRL,2024032605001707,34,34,10.00,611.00,"6,110.00",2024-03-26
858,HRL,2024032605001708,34,22,20.00,611.00,"12,220.00",2024-03-26
859,HRL,2024032605001709,34,21,20.00,611.00,"12,220.00",2024-03-26
860,HRL,2024032605001710,34,17,55.00,611.00,"33,605.00",2024-03-26
861,HRL,2024032605001711,34,42,10.00,611.00,"6,110.00",2024-03-26
862,HRL,2024032605001712,34,41,30.00,611.50,"18,345.00",2024-03-26
863,HRL,2024032605001713,34,3,349.00,611.90,"213,553.10",2024-03-26
864,HRL,2024032605001714,34,67,10.00,612.00,"6,120.00",2024-03-26
865,HRL,2024032605001715,34,58,10.00,612.00,"6,120.00",2024-03-26
866,HRL,2024032605001716,34,29,10.00,612.00,"6,120.00",2024-03-26
867,HRL,2024032605001717,34,47,10.00,612.00,"6,120.00",2024-03-26
868,HRL,2024032605001718,34,42,20.00,612.00,"12,240.00",2024-03-26
869,HRL,2024032605001719,34,41,10.00,612.00,"6,120.00",2024-03-26
870,HRL,2024032605001720,34,56,14.00,612.00,"8,568.00",2024-03-26
871,HRL,2024032605001724,49,51,10.00,611.00,"6,110.00",2024-03-26
872,HRL,2024032605001725,62,48,20.00,610.90,"12,218.00",2024-03-26
873,HRL,2024032605001726,62,45,20.00,610.90,"12,218.00",2024-03-26
874,HRL,2024032605001727,62,49,10.00,610.90,"6,109.00",2024-03-26
875,HRL,2024032605001728,62,35,30.00,610.90,"18,327.00",2024-03-26
876,HRL,2024032605001729,62,45,10.00,610.90,"6,109.00",2024-03-26
877,HRL,2024032605001730,62,21,20.00,610.90,"12,218.00",2024-03-26
878,HRL,2024032605001731,62,58,30.00,610.90,"18,327.00",2024-03-26
879,HRL,2024032605001732,62,48,20.00,610.90,"12,218.00",2024-03-26
880,HRL,2024032605001737,62,42,10.00,610.90,"6,109.00",2024-03-26
881,HRL,2024032605001738,62,10,30.00,610.90,"18,327.00",2024-03-26
882,HRL,2024032605001739,62,42,10.00,610.90,"6,109.00",2024-03-26
883,HRL,2024032605001740,62,44,230.00,610.90,"140,507.00",2024-03-26
884,HRL,2024032605001744,41,28,10.00,610.80,"6,108.00",2024-03-26
885,HRL,2024032605001747,41,45,30.00,610.80,"18,324.00",2024-03-26
886,HRL,2024032605001748,42,44,200.00,610.90,"122,180.00",2024-03-26
887,HRL,2024032605001749,41,4,10.00,610.80,"6,108.00",2024-03-26
888,HRL,2024032605001750,41,42,240.00,610.80,"146,592.00",2024-03-26
889,HRL,2024032605001751,39,42,25.00,610.80,"15,270.00",2024-03-26
890,HRL,2024032605001752,49,58,20.00,610.80,"12,216.00",2024-03-26
891,HRL,2024032605001753,49,44,70.00,610.90,"42,763.00",2024-03-26
892,HRL,2024032605001754,49,38,20.00,610.90,"12,218.00",2024-03-26
893,HRL,2024032605001756,37,38,10.00,610.40,"6,104.00",2024-03-26
894,HRL,2024032605001757,37,40,10.00,610.40,"6,104.00",2024-03-26
895,HRL,2024032605001766,37,61,20.00,610.40,"12,208.00",2024-03-26
896,HRL,2024032605001767,37,58,10.00,610.40,"6,104.00",2024-03-26
897,HRL,2024032605001769,37,35,10.00,610.40,"6,104.00",2024-03-26
898,HRL,2024032605001770,37,61,20.00,610.40,"12,208.00",2024-03-26
899,HRL,2024032605001771,37,14,10.00,610.40,"6,104.00",2024-03-26
900,HRL,2024032605001774,37,17,10.00,610.40,"6,104.00",2024-03-26
901,HRL,2024032605001777,34,61,20.00,610.30,"12,206.00",2024-03-26
902,HRL,2024032605001778,5,38,10.00,610.90,"6,109.00",2024-03-26
903,HRL,2024032605001786,7,58,10.00,610.40,"6,104.00",2024-03-26
904,HRL,2024032605001787,34,61,20.00,610.30,"12,206.00",2024-03-26
905,HRL,2024032605001792,34,49,10.00,610.30,"6,103.00",2024-03-26
906,HRL,2024032605001796,22,61,20.00,610.40,"12,208.00",2024-03-26
907,HRL,2024032605001798,22,35,10.00,610.40,"6,104.00",2024-03-26
908,HRL,2024032605001799,22,61,20.00,610.40,"12,208.00",2024-03-26
909,HRL,2024032605001800,22,28,10.00,610.40,"6,104.00",2024-03-26
910,HRL,2024032605001802,22,54,10.00,610.40,"6,104.00",2024-03-26
911,HRL,2024032605001804,22,38,10.00,610.40,"6,104.00",2024-03-26
912,HRL,2024032605001806,58,58,10.00,610.50,"6,105.00",2024-03-26
913,HRL,2024032605001807,58,53,10.00,610.50,"6,105.00",2024-03-26
914,HRL,2024032605001811,57,38,10.00,610.90,"6,109.00",2024-03-26
915,HRL,2024032605001812,22,45,10.00,610.40,"6,104.00",2024-03-26
916,HRL,2024032605001813,22,47,10.00,610.40,"6,104.00",2024-03-26
917,HRL,2024032605001823,29,26,10.00,611.00,"6,110.00",2024-03-26
918,HRL,2024032605001824,29,19,10.00,611.00,"6,110.00",2024-03-26
919,HRL,2024032605001825,29,35,10.00,611.00,"6,110.00",2024-03-26
920,HRL,2024032605001826,29,35,10.00,611.00,"6,110.00",2024-03-26
921,HRL,2024032605001827,29,49,20.00,611.00,"12,220.00",2024-03-26
922,HRL,2024032605001828,29,16,100.00,611.00,"61,100.00",2024-03-26
923,HRL,2024032605001829,29,40,100.00,611.00,"61,100.00",2024-03-26
924,HRL,2024032605001830,29,6,10.00,611.00,"6,110.00",2024-03-26
925,HRL,2024032605001831,29,3,10.00,611.00,"6,110.00",2024-03-26
926,HRL,2024032605001832,29,56,10.00,611.00,"6,110.00",2024-03-26
927,HRL,2024032605001833,29,38,10.00,611.00,"6,110.00",2024-03-26
928,HRL,2024032605001834,29,42,20.00,611.00,"12,220.00",2024-03-26
929,HRL,2024032605001835,29,35,10.00,611.00,"6,110.00",2024-03-26
930,HRL,2024032605001836,29,58,10.00,611.00,"6,110.00",2024-03-26
931,HRL,2024032605001837,29,43,10.00,611.00,"6,110.00",2024-03-26
932,HRL,2024032605001838,29,58,20.00,611.00,"12,220.00",2024-03-26
933,HRL,2024032605001839,29,49,20.00,611.00,"12,220.00",2024-03-26
934,HRL,2024032605001840,29,58,10.00,611.00,"6,110.00",2024-03-26
935,HRL,2024032605001843,29,63,20.00,611.00,"12,220.00",2024-03-26
936,HRL,2024032605001844,29,58,10.00,611.00,"6,110.00",2024-03-26
937,HRL,2024032605001846,29,47,70.00,611.00,"42,770.00",2024-03-26
938,HRL,2024032605001847,19,47,50.00,611.00,"30,550.00",2024-03-26
939,HRL,2024032605001858,22,46,20.00,610.40,"12,208.00",2024-03-26
940,HRL,2024032605001860,34,59,10.00,610.30,"6,103.00",2024-03-26
941,HRL,2024032605001861,38,68,10.00,611.00,"6,110.00",2024-03-26
942,HRL,2024032605001862,38,8,10.00,611.00,"6,110.00",2024-03-26
943,HRL,2024032605001863,38,57,10.00,611.00,"6,110.00",2024-03-26
944,HRL,2024032605001869,38,57,20.00,611.00,"12,220.00",2024-03-26
945,HRL,2024032605001870,38,42,55.00,611.00,"33,605.00",2024-03-26
946,HRL,2024032605001873,34,1,20.00,610.30,"12,206.00",2024-03-26
947,HRL,2024032605001875,34,57,10.00,610.30,"6,103.00",2024-03-26
948,HRL,2024032605001877,34,54,10.00,610.30,"6,103.00",2024-03-26
949,HRL,2024032605001878,34,45,10.00,610.30,"6,103.00",2024-03-26
950,HRL,2024032605001881,34,21,10.00,610.30,"6,103.00",2024-03-26
951,HRL,2024032605001884,34,45,10.00,610.30,"6,103.00",2024-03-26
952,HRL,2024032605001888,34,21,10.00,610.30,"6,103.00",2024-03-26
953,HRL,2024032605001890,34,48,10.00,610.30,"6,103.00",2024-03-26
954,HRL,2024032605001893,34,34,20.00,610.30,"12,206.00",2024-03-26
955,HRL,2024032605001894,34,58,10.00,610.30,"6,103.00",2024-03-26
956,HRL,2024032605001895,34,34,20.00,610.30,"12,206.00",2024-03-26
957,HRL,2024032605001896,34,57,10.00,610.30,"6,103.00",2024-03-26
958,HRL,2024032605001898,38,38,20.00,610.40,"12,208.00",2024-03-26
959,HRL,2024032605001899,38,41,20.00,610.40,"12,208.00",2024-03-26
960,HRL,2024032605001901,38,38,10.00,610.40,"6,104.00",2024-03-26
961,HRL,2024032605001902,38,58,10.00,610.40,"6,104.00",2024-03-26
962,HRL,2024032605001905,38,11,10.00,610.40,"6,104.00",2024-03-26
963,HRL,2024032605001907,38,4,10.00,610.40,"6,104.00",2024-03-26
964,HRL,2024032605001908,38,58,10.00,610.40,"6,104.00",2024-03-26
965,HRL,2024032605001909,38,11,20.00,610.40,"12,208.00",2024-03-26
966,HRL,2024032605001912,38,49,10.00,610.40,"6,104.00",2024-03-26
967,HRL,2024032605001914,38,11,10.00,610.40,"6,104.00",2024-03-26
968,HRL,2024032605001915,38,58,10.00,610.40,"6,104.00",2024-03-26
969,HRL,2024032605001916,38,3,60.00,610.40,"36,624.00",2024-03-26
970,HRL,2024032605001917,34,3,30.00,610.30,"18,309.00",2024-03-26
971,HRL,2024032605001918,57,3,15.00,610.30,"9,154.50",2024-03-26
972,HRL,2024032605001919,62,3,250.00,610.20,"152,550.00",2024-03-26
973,HRL,2024032605001920,55,3,85.00,610.20,"51,867.00",2024-03-26
974,HRL,2024032605001921,43,3,26.00,610.10,"15,862.60",2024-03-26
975,HRL,2024032605001922,84,3,34.00,610.10,"20,743.40",2024-03-26
976,HRL,2024032605001928,84,42,10.00,610.10,"6,101.00",2024-03-26
977,HRL,2024032605001929,52,49,10.00,610.50,"6,105.00",2024-03-26
978,HRL,2024032605001930,52,38,20.00,610.50,"12,210.00",2024-03-26
979,HRL,2024032605001932,84,11,10.00,610.10,"6,101.00",2024-03-26
980,HRL,2024032605001934,84,11,10.00,610.10,"6,101.00",2024-03-26
981,HRL,2024032605001938,84,57,10.00,610.10,"6,101.00",2024-03-26
982,HRL,2024032605001940,84,11,20.00,610.10,"12,202.00",2024-03-26
983,HRL,2024032605001941,84,45,10.00,610.10,"6,101.00",2024-03-26
984,HRL,2024032605001947,58,36,10.00,611.00,"6,110.00",2024-03-26
985,HRL,2024032605001948,84,42,120.00,610.10,"73,212.00",2024-03-26
986,HRL,2024032605001949,84,4,20.00,610.10,"12,202.00",2024-03-26
987,HRL,2024032605001952,84,43,10.00,610.10,"6,101.00",2024-03-26
988,HRL,2024032605001953,84,48,20.00,610.10,"12,202.00",2024-03-26
989,HRL,2024032605001957,84,8,10.00,610.10,"6,101.00",2024-03-26
990,HRL,2024032605001958,45,34,20.00,610.50,"12,210.00",2024-03-26
991,HRL,2024032605001960,84,32,10.00,610.10,"6,101.00",2024-03-26
992,HRL,2024032605001961,62,34,200.00,610.90,"122,180.00",2024-03-26
993,HRL,2024032605001962,62,36,20.00,611.00,"12,220.00",2024-03-26
994,HRL,2024032605001963,62,4,40.00,611.00,"24,440.00",2024-03-26
995,HRL,2024032605001964,62,49,10.00,611.00,"6,110.00",2024-03-26
996,HRL,2024032605001965,62,34,10.00,611.00,"6,110.00",2024-03-26
997,HRL,2024032605001966,62,32,10.00,611.00,"6,110.00",2024-03-26
998,HRL,2024032605001967,62,6,10.00,611.00,"6,110.00",2024-03-26
999,HRL,2024032605001968,62,49,10.00,611.00,"6,110.00",2024-03-26
1000,HRL,2024032605001969,62,42,60.00,611.00,"36,660.00",2024-03-26
1001,HRL,2024032605001970,62,57,10.00,611.00,"6,110.00",2024-03-26
1002,HRL,2024032605001971,62,52,44.00,611.00,"26,884.00",2024-03-26
1003,HRL,2024032605001972,62,52,30.00,611.00,"18,330.00",2024-03-26
1004,HRL,2024032605001973,62,42,46.00,611.00,"28,106.00",2024-03-26
1005,HRL,2024032605001975,84,38,10.00,610.10,"6,101.00",2024-03-26
1006,HRL,2024032605001981,84,16,10.00,610.10,"6,101.00",2024-03-26
1007,HRL,2024032605001983,84,38,10.00,610.10,"6,101.00",2024-03-26
1008,HRL,2024032605001987,84,58,10.00,610.10,"6,101.00",2024-03-26
1009,HRL,2024032605001990,35,58,10.00,610.50,"6,105.00",2024-03-26
1010,HRL,2024032605001992,35,58,20.00,610.50,"12,210.00",2024-03-26
1011,HRL,2024032605001994,58,42,10.00,610.50,"6,105.00",2024-03-26
1012,HRL,2024032605001997,58,19,10.00,610.50,"6,105.00",2024-03-26
1013,HRL,2024032605001998,84,42,204.00,611.00,"124,644.00",2024-03-26
1014,HRL,2024032605002011,84,58,10.00,611.00,"6,110.00",2024-03-26
1015,HRL,2024032605002015,84,52,10.00,611.00,"6,110.00",2024-03-26
1016,HRL,2024032605002016,84,38,110.00,611.00,"67,210.00",2024-03-26
1017,HRL,2024032605002017,84,65,10.00,611.00,"6,110.00",2024-03-26
1018,HRL,2024032605002021,84,58,30.00,611.00,"18,330.00",2024-03-26
1019,HRL,2024032605002022,84,52,10.00,611.00,"6,110.00",2024-03-26
1020,HRL,2024032605002025,84,58,10.00,611.00,"6,110.00",2024-03-26
1021,HRL,2024032605002026,84,4,20.00,611.00,"12,220.00",2024-03-26
1022,HRL,2024032605002029,84,49,10.00,611.00,"6,110.00",2024-03-26
1023,HRL,2024032605002033,84,49,10.00,611.00,"6,110.00",2024-03-26
1024,HRL,2024032605002035,84,54,10.00,611.00,"6,110.00",2024-03-26
1025,HRL,2024032605002037,84,47,20.00,611.00,"12,220.00",2024-03-26
1026,HRL,2024032605002038,84,58,10.00,611.00,"6,110.00",2024-03-26
1027,HRL,2024032605002041,84,34,20.00,611.00,"12,220.00",2024-03-26
1028,HRL,2024032605002042,84,8,20.00,611.00,"12,220.00",2024-03-26
1029,HRL,2024032605002043,84,47,152.00,611.00,"92,872.00",2024-03-26
1030,HRL,2024032605002044,17,32,10.00,610.10,"6,101.00",2024-03-26
1031,HRL,2024032605002046,17,39,90.00,610.10,"54,909.00",2024-03-26
1032,HRL,2024032605002048,17,8,20.00,610.10,"12,202.00",2024-03-26
1033,HRL,2024032605002051,17,50,10.00,610.10,"6,101.00",2024-03-26
1034,HRL,2024032605002052,17,45,10.00,610.10,"6,101.00",2024-03-26
1035,HRL,2024032605002055,17,4,10.00,610.10,"6,101.00",2024-03-26
1036,HRL,2024032605002056,17,52,10.00,610.10,"6,101.00",2024-03-26
1037,HRL,2024032605002057,40,59,10.00,611.00,"6,110.00",2024-03-26
1038,HRL,2024032605002058,40,58,20.00,611.00,"12,220.00",2024-03-26
1039,HRL,2024032605002062,17,52,20.00,610.10,"12,202.00",2024-03-26
1040,HRL,2024032605002064,17,49,10.00,610.10,"6,101.00",2024-03-26
1041,HRL,2024032605002068,17,52,10.00,610.10,"6,101.00",2024-03-26
1042,HRL,2024032605002070,39,42,500.00,610.10,"305,050.00",2024-03-26
1043,HRL,2024032605002071,55,58,10.00,610.00,"6,100.00",2024-03-26
1044,HRL,2024032605002072,55,3,10.00,610.00,"6,100.00",2024-03-26
1045,HRL,2024032605002073,55,58,10.00,610.00,"6,100.00",2024-03-26
1046,HRL,2024032605002074,55,4,20.00,610.00,"12,200.00",2024-03-26
1047,HRL,2024032605002075,55,34,10.00,610.00,"6,100.00",2024-03-26
1048,HRL,2024032605002079,55,42,30.00,610.00,"18,300.00",2024-03-26
1049,HRL,2024032605002080,55,4,20.00,610.00,"12,200.00",2024-03-26
1050,HRL,2024032605002081,55,58,20.00,610.00,"12,200.00",2024-03-26
1051,HRL,2024032605002083,55,57,10.00,610.00,"6,100.00",2024-03-26
1052,HRL,2024032605002086,55,34,20.00,610.00,"12,200.00",2024-03-26
1053,HRL,2024032605002088,55,49,10.00,610.00,"6,100.00",2024-03-26
1054,HRL,2024032605002089,55,34,10.00,610.00,"6,100.00",2024-03-26
1055,HRL,2024032605002090,55,14,10.00,610.00,"6,100.00",2024-03-26
1056,HRL,2024032605002094,55,52,30.00,610.00,"18,300.00",2024-03-26
1057,HRL,2024032605002097,55,45,10.00,610.00,"6,100.00",2024-03-26
1058,HRL,2024032605002098,55,19,20.00,610.00,"12,200.00",2024-03-26
1059,HRL,2024032605002100,55,17,10.00,610.00,"6,100.00",2024-03-26
1060,HRL,2024032605002101,55,7,10.00,610.00,"6,100.00",2024-03-26
1061,HRL,2024032605002103,55,35,20.00,610.00,"12,200.00",2024-03-26
1062,HRL,2024032605002104,55,4,20.00,610.00,"12,200.00",2024-03-26
1063,HRL,2024032605002109,55,59,30.00,610.00,"18,300.00",2024-03-26
1064,HRL,2024032605002114,55,4,20.00,610.00,"12,200.00",2024-03-26
1065,HRL,2024032605002116,55,21,10.00,610.00,"6,100.00",2024-03-26
1066,HRL,2024032605002117,55,43,10.00,610.00,"6,100.00",2024-03-26
1067,HRL,2024032605002118,55,4,20.00,610.00,"12,200.00",2024-03-26
1068,HRL,2024032605002119,55,34,10.00,610.00,"6,100.00",2024-03-26
1069,HRL,2024032605002120,58,58,100.00,611.00,"61,100.00",2024-03-26
1070,HRL,2024032605002122,55,21,10.00,610.00,"6,100.00",2024-03-26
1071,HRL,2024032605002123,55,38,10.00,610.00,"6,100.00",2024-03-26
1072,HRL,2024032605002124,55,4,10.00,610.00,"6,100.00",2024-03-26
1073,HRL,2024032605002125,37,4,10.00,610.00,"6,100.00",2024-03-26
1074,HRL,2024032605002133,37,58,20.00,610.00,"12,200.00",2024-03-26
1075,HRL,2024032605002138,37,48,10.00,610.00,"6,100.00",2024-03-26
1076,HRL,2024032605002145,37,49,20.00,610.00,"12,200.00",2024-03-26
1077,HRL,2024032605002147,41,58,10.00,611.00,"6,110.00",2024-03-26
1078,HRL,2024032605002148,37,58,10.00,610.00,"6,100.00",2024-03-26
1079,HRL,2024032605002149,37,32,10.00,610.00,"6,100.00",2024-03-26
1080,HRL,2024032605002150,52,56,10.00,610.10,"6,101.00",2024-03-26
1081,HRL,2024032605002151,52,49,10.00,610.10,"6,101.00",2024-03-26
1082,HRL,2024032605002153,52,58,20.00,610.10,"12,202.00",2024-03-26
1083,HRL,2024032605002155,52,26,10.00,610.10,"6,101.00",2024-03-26
1084,HRL,2024032605002156,37,49,10.00,610.00,"6,100.00",2024-03-26
1085,HRL,2024032605002157,37,58,10.00,610.00,"6,100.00",2024-03-26
1086,HRL,2024032605002158,26,58,10.00,610.00,"6,100.00",2024-03-26
1087,HRL,2024032605002166,26,7,10.00,610.00,"6,100.00",2024-03-26
1088,HRL,2024032605002169,26,38,10.00,610.00,"6,100.00",2024-03-26
1089,HRL,2024032605002170,35,4,20.00,610.00,"12,200.00",2024-03-26
1090,HRL,2024032605002171,35,49,10.00,610.00,"6,100.00",2024-03-26
1091,HRL,2024032605002183,35,58,20.00,610.00,"12,200.00",2024-03-26
1092,HRL,2024032605002184,35,56,10.00,610.00,"6,100.00",2024-03-26
1093,HRL,2024032605002185,35,36,10.00,610.00,"6,100.00",2024-03-26
1094,HRL,2024032605002186,35,72,10.00,610.00,"6,100.00",2024-03-26
1095,HRL,2024032605002187,55,7,10.00,610.00,"6,100.00",2024-03-26
1096,HRL,2024032605002188,55,28,20.00,610.00,"12,200.00",2024-03-26
1097,HRL,2024032605002189,55,38,10.00,610.00,"6,100.00",2024-03-26
1098,HRL,2024032605002191,55,43,10.00,610.00,"6,100.00",2024-03-26
1099,HRL,2024032605002192,55,56,10.00,610.00,"6,100.00",2024-03-26
1100,HRL,2024032605002193,55,58,10.00,610.00,"6,100.00",2024-03-26
1101,HRL,2024032605002194,17,56,20.00,610.50,"12,210.00",2024-03-26
1102,HRL,2024032605002195,17,49,20.00,610.50,"12,210.00",2024-03-26
1103,HRL,2024032605002196,55,56,10.00,610.00,"6,100.00",2024-03-26
1104,HRL,2024032605002198,55,38,10.00,610.00,"6,100.00",2024-03-26
1105,HRL,2024032605002199,55,38,10.00,610.00,"6,100.00",2024-03-26
1106,HRL,2024032605002201,55,4,20.00,610.00,"12,200.00",2024-03-26
1107,HRL,2024032605002202,55,38,10.00,610.00,"6,100.00",2024-03-26
1108,HRL,2024032605002204,55,50,10.00,610.00,"6,100.00",2024-03-26
1109,HRL,2024032605002205,55,61,10.00,610.00,"6,100.00",2024-03-26
1110,HRL,2024032605002206,55,21,10.00,610.00,"6,100.00",2024-03-26
1111,HRL,2024032605002207,55,38,10.00,610.00,"6,100.00",2024-03-26
1112,HRL,2024032605002208,42,58,20.00,611.00,"12,220.00",2024-03-26
1113,HRL,2024032605002209,55,17,10.00,610.00,"6,100.00",2024-03-26
1114,HRL,2024032605002211,55,58,20.00,610.00,"12,200.00",2024-03-26
1115,HRL,2024032605002213,55,3,10.00,610.00,"6,100.00",2024-03-26
1116,HRL,2024032605002214,55,58,10.00,610.00,"6,100.00",2024-03-26
1117,HRL,2024032605002215,55,59,10.00,610.00,"6,100.00",2024-03-26
1118,HRL,2024032605002216,55,21,20.00,610.00,"12,200.00",2024-03-26
1119,HRL,2024032605002217,55,58,20.00,610.00,"12,200.00",2024-03-26
1120,HRL,2024032605002219,55,57,10.00,610.00,"6,100.00",2024-03-26
1121,HRL,2024032605002221,55,58,10.00,610.00,"6,100.00",2024-03-26
1122,HRL,2024032605002226,55,51,10.00,610.00,"6,100.00",2024-03-26
1123,HRL,2024032605002229,55,33,20.00,610.00,"12,200.00",2024-03-26
1124,HRL,2024032605002233,17,56,10.00,610.10,"6,101.00",2024-03-26
1125,HRL,2024032605002235,17,57,10.00,610.10,"6,101.00",2024-03-26
1126,HRL,2024032605002237,17,91,20.00,610.10,"12,202.00",2024-03-26
1127,HRL,2024032605002239,17,45,20.00,610.10,"12,202.00",2024-03-26
1128,HRL,2024032605002241,17,58,20.00,610.10,"12,202.00",2024-03-26
1129,HRL,2024032605002242,17,34,10.00,610.10,"6,101.00",2024-03-26
1130,HRL,2024032605002243,14,3,60.00,610.90,"36,654.00",2024-03-26
1131,HRL,2024032605002252,17,58,10.00,610.10,"6,101.00",2024-03-26
1132,HRL,2024032605002254,17,45,10.00,610.10,"6,101.00",2024-03-26
1133,HRL,2024032605002255,17,3,10.00,610.10,"6,101.00",2024-03-26
1134,HRL,2024032605002256,17,52,20.00,610.10,"12,202.00",2024-03-26
1135,HRL,2024032605002258,17,38,20.00,610.10,"12,202.00",2024-03-26
1136,HRL,2024032605002259,17,21,10.00,610.10,"6,101.00",2024-03-26
1137,HRL,2024032605002260,17,1,10.00,610.10,"6,101.00",2024-03-26
1138,HRL,2024032605002261,17,49,10.00,610.10,"6,101.00",2024-03-26
1139,HRL,2024032605002262,17,34,10.00,610.10,"6,101.00",2024-03-26
1140,HRL,2024032605002263,17,25,10.00,610.10,"6,101.00",2024-03-26
1141,HRL,2024032605002264,17,36,10.00,610.10,"6,101.00",2024-03-26
1142,HRL,2024032605002267,17,58,10.00,610.10,"6,101.00",2024-03-26
1143,HRL,2024032605002268,17,33,20.00,610.10,"12,202.00",2024-03-26
1144,HRL,2024032605002270,17,34,10.00,610.10,"6,101.00",2024-03-26
1145,HRL,2024032605002272,33,3,100.00,610.90,"61,090.00",2024-03-26
1146,HRL,2024032605002277,11,3,340.00,610.90,"207,706.00",2024-03-26
1147,HRL,2024032605002278,11,38,30.00,610.90,"18,327.00",2024-03-26
1148,HRL,2024032605002279,11,25,30.00,610.90,"18,327.00",2024-03-26
1149,HRL,2024032605002280,11,65,100.00,610.90,"61,090.00",2024-03-26
1150,HRL,2024032605002290,68,55,10.00,610.20,"6,102.00",2024-03-26
1151,HRL,2024032605002291,32,55,45.00,610.20,"27,459.00",2024-03-26
1152,HRL,2024032605002293,17,49,10.00,610.10,"6,101.00",2024-03-26
1153,HRL,2024032605002298,42,55,30.00,610.20,"18,306.00",2024-03-26
1154,HRL,2024032605002303,17,46,10.00,610.10,"6,101.00",2024-03-26
1155,HRL,2024032605002304,17,11,20.00,610.10,"12,202.00",2024-03-26
1156,HRL,2024032605002305,6,11,20.00,610.10,"12,202.00",2024-03-26
1157,HRL,2024032605002322,20,55,15.00,610.20,"9,153.00",2024-03-26
1158,HRL,2024032605002323,20,34,10.00,610.20,"6,102.00",2024-03-26
1159,HRL,2024032605002324,20,58,10.00,610.20,"6,102.00",2024-03-26
1160,HRL,2024032605002325,20,21,10.00,610.30,"6,103.00",2024-03-26
1161,HRL,2024032605002326,20,49,10.00,610.30,"6,103.00",2024-03-26
1162,HRL,2024032605002327,20,59,10.00,610.30,"6,103.00",2024-03-26
1163,HRL,2024032605002328,20,58,10.00,610.30,"6,103.00",2024-03-26
1164,HRL,2024032605002329,20,35,10.00,610.30,"6,103.00",2024-03-26
1165,HRL,2024032605002333,20,59,10.00,610.30,"6,103.00",2024-03-26
1166,HRL,2024032605002334,20,49,20.00,610.30,"12,206.00",2024-03-26
1167,HRL,2024032605002341,62,6,10.00,610.20,"6,102.00",2024-03-26
1168,HRL,2024032605002342,62,46,30.00,610.20,"18,306.00",2024-03-26
1169,HRL,2024032605002343,62,14,20.00,610.20,"12,204.00",2024-03-26
1170,HRL,2024032605002346,62,58,10.00,610.20,"6,102.00",2024-03-26
1171,HRL,2024032605002352,62,21,10.00,610.20,"6,102.00",2024-03-26
1172,HRL,2024032605002372,21,58,10.00,610.30,"6,103.00",2024-03-26
1173,HRL,2024032605002373,21,38,10.00,610.30,"6,103.00",2024-03-26
1174,HRL,2024032605002383,21,58,10.00,610.30,"6,103.00",2024-03-26
1175,HRL,2024032605002384,26,58,30.00,610.50,"18,315.00",2024-03-26
1176,HRL,2024032605002387,21,58,10.00,610.30,"6,103.00",2024-03-26
1177,HRL,2024032605002390,21,57,20.00,610.30,"12,206.00",2024-03-26
1178,HRL,2024032605002391,21,58,20.00,610.30,"12,206.00",2024-03-26
1179,HRL,2024032605002392,21,21,10.00,610.30,"6,103.00",2024-03-26
1180,HRL,2024032605002393,21,16,10.00,610.30,"6,103.00",2024-03-26
1181,HRL,2024032605002394,37,54,20.00,610.90,"12,218.00",2024-03-26
1182,HRL,2024032605002395,37,6,20.00,610.90,"12,218.00",2024-03-26
1183,HRL,2024032605002396,37,65,160.00,610.90,"97,744.00",2024-03-26
1184,HRL,2024032605002400,65,65,200.00,610.90,"122,180.00",2024-03-26
1185,HRL,2024032605002404,84,65,540.00,610.90,"329,886.00",2024-03-26
1186,HRL,2024032605002405,84,58,10.00,610.90,"6,109.00",2024-03-26
1187,HRL,2024032605002406,84,58,10.00,610.90,"6,109.00",2024-03-26
1188,HRL,2024032605002407,84,57,20.00,610.90,"12,218.00",2024-03-26
1189,HRL,2024032605002409,7,54,20.00,611.00,"12,220.00",2024-03-26
1190,HRL,2024032605002410,7,58,20.00,611.00,"12,220.00",2024-03-26
1191,HRL,2024032605002411,7,41,10.00,611.00,"6,110.00",2024-03-26
1192,HRL,2024032605002412,38,41,20.00,611.00,"12,220.00",2024-03-26
1193,HRL,2024032605002413,38,88,10.00,611.00,"6,110.00",2024-03-26
1194,HRL,2024032605002414,38,38,10.00,611.00,"6,110.00",2024-03-26
1195,HRL,2024032605002415,38,57,10.00,611.00,"6,110.00",2024-03-26
1196,HRL,2024032605002416,37,7,20.00,611.00,"12,220.00",2024-03-26
1197,HRL,2024032605002417,37,45,20.00,611.00,"12,220.00",2024-03-26
1198,HRL,2024032605002418,37,45,60.00,611.00,"36,660.00",2024-03-26
1199,HRL,2024032605002429,84,45,100.00,611.00,"61,100.00",2024-03-26
1200,HRL,2024032605002430,84,45,10.00,611.00,"6,110.00",2024-03-26
1201,HRL,2024032605002431,84,5,10.00,611.00,"6,110.00",2024-03-26
1202,HRL,2024032605002432,84,58,10.00,611.00,"6,110.00",2024-03-26
1203,HRL,2024032605002433,84,57,10.00,611.00,"6,110.00",2024-03-26
1204,HRL,2024032605002434,84,49,10.00,611.00,"6,110.00",2024-03-26
1205,HRL,2024032605002435,84,41,10.00,611.00,"6,110.00",2024-03-26
1206,HRL,2024032605002436,84,57,20.00,611.00,"12,220.00",2024-03-26
1207,HRL,2024032605002437,84,35,10.00,611.00,"6,110.00",2024-03-26
1208,HRL,2024032605002438,84,1,20.00,611.00,"12,220.00",2024-03-26
1209,HRL,2024032605002439,84,55,790.00,611.00,"482,690.00",2024-03-26
1210,HRL,2024032605002440,38,38,20.00,610.20,"12,204.00",2024-03-26
1211,HRL,2024032605002441,21,38,10.00,610.20,"6,102.00",2024-03-26
1212,HRL,2024032605002447,42,36,20.00,610.60,"12,212.00",2024-03-26
1213,HRL,2024032605002449,59,8,20.00,610.90,"12,218.00",2024-03-26
1214,HRL,2024032605002450,59,55,210.00,611.00,"128,310.00",2024-03-26
1215,HRL,2024032605002451,59,32,20.00,611.00,"12,220.00",2024-03-26
1216,HRL,2024032605002452,59,56,10.00,611.00,"6,110.00",2024-03-26
1217,HRL,2024032605002453,59,32,10.00,611.00,"6,110.00",2024-03-26
1218,HRL,2024032605002454,59,17,10.00,611.00,"6,110.00",2024-03-26
1219,HRL,2024032605002455,59,49,10.00,611.00,"6,110.00",2024-03-26
1220,HRL,2024032605002456,59,32,10.00,611.00,"6,110.00",2024-03-26
1221,HRL,2024032605002457,59,45,20.00,611.00,"12,220.00",2024-03-26
1222,HRL,2024032605002458,59,26,10.00,611.00,"6,110.00",2024-03-26
1223,HRL,2024032605002459,59,49,10.00,611.00,"6,110.00",2024-03-26
1224,HRL,2024032605002460,59,55,160.00,611.00,"97,760.00",2024-03-26
1225,HRL,2024032605002467,7,49,20.00,610.90,"12,218.00",2024-03-26
1226,HRL,2024032605002470,59,41,10.00,610.70,"6,107.00",2024-03-26
1227,HRL,2024032605002471,59,55,490.00,611.00,"299,390.00",2024-03-26
1228,HRL,2024032605002472,42,58,10.00,610.60,"6,106.00",2024-03-26
1229,HRL,2024032605002476,42,57,30.00,610.60,"18,318.00",2024-03-26
1230,HRL,2024032605002479,58,44,10.00,610.60,"6,106.00",2024-03-26
1231,HRL,2024032605002492,42,37,10.00,610.90,"6,109.00",2024-03-26
1232,HRL,2024032605002493,58,57,15.00,610.60,"9,159.00",2024-03-26
1233,HRL,2024032605002494,42,57,5.00,610.60,"3,053.00",2024-03-26
1234,HRL,2024032605002498,44,58,20.00,610.90,"12,218.00",2024-03-26
1235,HRL,2024032605002499,44,55,350.00,611.00,"213,850.00",2024-03-26
1236,HRL,2024032605002503,44,45,10.00,611.00,"6,110.00",2024-03-26
1237,HRL,2024032605002505,44,57,30.00,611.00,"18,330.00",2024-03-26
1238,HRL,2024032605002506,44,54,10.00,611.00,"6,110.00",2024-03-26
1239,HRL,2024032605002508,44,50,10.00,611.00,"6,110.00",2024-03-26
1240,HRL,2024032605002509,44,48,570.00,611.00,"348,270.00",2024-03-26
1241,HRL,2024032605002511,54,52,20.00,610.60,"12,212.00",2024-03-26
1242,HRL,2024032605002521,52,58,20.00,610.70,"12,214.00",2024-03-26
1243,HRL,2024032605002522,54,58,10.00,610.60,"6,106.00",2024-03-26
1244,HRL,2024032605002523,54,42,10.00,610.60,"6,106.00",2024-03-26
1245,HRL,2024032605002526,54,35,10.00,610.60,"6,106.00",2024-03-26
1246,HRL,2024032605002528,54,41,20.00,610.60,"12,212.00",2024-03-26
1247,HRL,2024032605002530,54,14,10.00,610.60,"6,106.00",2024-03-26
1248,HRL,2024032605002533,54,34,10.00,610.60,"6,106.00",2024-03-26
1249,HRL,2024032605002534,77,22,10.00,610.80,"6,108.00",2024-03-26
1250,HRL,2024032605002535,77,48,430.00,611.00,"262,730.00",2024-03-26
1251,HRL,2024032605002536,77,29,20.00,611.00,"12,220.00",2024-03-26
1252,HRL,2024032605002537,77,56,40.00,611.00,"24,440.00",2024-03-26
1253,HRL,2024032605002539,54,57,30.00,610.60,"18,318.00",2024-03-26
1254,HRL,2024032605002541,54,58,10.00,610.60,"6,106.00",2024-03-26
1255,HRL,2024032605002542,54,49,10.00,610.60,"6,106.00",2024-03-26
1256,HRL,2024032605002548,54,58,10.00,610.60,"6,106.00",2024-03-26
1257,HRL,2024032605002552,54,58,10.00,610.60,"6,106.00",2024-03-26
1258,HRL,2024032605002553,26,56,100.00,611.00,"61,100.00",2024-03-26
1259,HRL,2024032605002555,54,38,10.00,610.60,"6,106.00",2024-03-26
1260,HRL,2024032605002557,34,56,60.00,611.00,"36,660.00",2024-03-26
1261,HRL,2024032605002558,34,1,10.00,611.00,"6,110.00",2024-03-26
1262,HRL,2024032605002559,34,58,20.00,611.00,"12,220.00",2024-03-26
1263,HRL,2024032605002560,34,16,10.00,611.00,"6,110.00",2024-03-26
1264,HRL,2024032605002564,54,19,10.00,610.60,"6,106.00",2024-03-26
1265,HRL,2024032605002565,54,43,10.00,610.60,"6,106.00",2024-03-26
1266,HRL,2024032605002567,54,51,10.00,610.60,"6,106.00",2024-03-26
1267,HRL,2024032605002569,52,41,10.00,611.00,"6,110.00",2024-03-26
1268,HRL,2024032605002570,52,58,10.00,611.00,"6,110.00",2024-03-26
1269,HRL,2024032605002572,52,28,20.00,611.00,"12,220.00",2024-03-26
1270,HRL,2024032605002573,52,57,10.00,611.00,"6,110.00",2024-03-26
1271,HRL,2024032605002574,52,21,20.00,611.00,"12,220.00",2024-03-26
1272,HRL,2024032605002575,52,45,10.00,611.00,"6,110.00",2024-03-26
1273,HRL,2024032605002578,52,56,10.00,611.00,"6,110.00",2024-03-26
1274,HRL,2024032605002581,52,47,40.00,611.00,"24,440.00",2024-03-26
1275,HRL,2024032605002582,52,4,70.00,611.00,"42,770.00",2024-03-26
1276,HRL,2024032605002583,34,4,30.00,611.00,"18,330.00",2024-03-26
1277,HRL,2024032605002585,34,49,20.00,611.00,"12,220.00",2024-03-26
1278,HRL,2024032605002586,34,4,100.00,611.00,"61,100.00",2024-03-26
1279,HRL,2024032605002590,34,4,20.00,611.00,"12,220.00",2024-03-26
1280,HRL,2024032605002591,34,25,10.00,611.00,"6,110.00",2024-03-26
1281,HRL,2024032605002592,34,56,20.00,611.00,"12,220.00",2024-03-26
1282,HRL,2024032605002593,49,56,20.00,611.00,"12,220.00",2024-03-26
1283,HRL,2024032605002594,7,56,116.00,611.00,"70,876.00",2024-03-26
1284,HRL,2024032605002595,41,56,20.00,611.00,"12,220.00",2024-03-26
1285,HRL,2024032605002596,41,56,24.00,611.00,"14,664.00",2024-03-26
1286,HRL,2024032605002597,41,47,30.00,611.00,"18,330.00",2024-03-26
1287,HRL,2024032605002600,41,41,10.00,611.00,"6,110.00",2024-03-26
1288,HRL,2024032605002601,41,42,10.00,611.00,"6,110.00",2024-03-26
1289,HRL,2024032605002602,41,55,20.00,611.00,"12,220.00",2024-03-26
1290,HRL,2024032605002610,41,42,16.00,611.00,"9,776.00",2024-03-26
1291,HRL,2024032605002611,29,42,14.00,611.00,"8,554.00",2024-03-26
1292,HRL,2024032605002618,29,47,10.00,611.00,"6,110.00",2024-03-26
1293,HRL,2024032605002630,29,47,10.00,611.00,"6,110.00",2024-03-26
1294,HRL,2024032605002631,29,58,20.00,611.00,"12,220.00",2024-03-26
1295,HRL,2024032605002632,29,58,10.00,611.00,"6,110.00",2024-03-26
1296,HRL,2024032605002633,29,22,10.00,611.00,"6,110.00",2024-03-26
1297,HRL,2024032605002634,41,66,10.00,611.10,"6,111.00",2024-03-26
1298,HRL,2024032605002635,41,21,10.00,611.10,"6,111.00",2024-03-26
1299,HRL,2024032605002637,41,6,10.00,611.10,"6,111.00",2024-03-26
1300,HRL,2024032605002638,41,57,20.00,611.10,"12,222.00",2024-03-26
1301,HRL,2024032605002640,29,21,10.00,611.00,"6,110.00",2024-03-26
1302,HRL,2024032605002641,29,58,20.00,611.00,"12,220.00",2024-03-26
1303,HRL,2024032605002645,29,6,10.00,611.00,"6,110.00",2024-03-26
1304,HRL,2024032605002646,29,13,386.00,611.00,"235,846.00",2024-03-26
1305,HRL,2024032605002649,50,49,10.00,610.60,"6,106.00",2024-03-26
1306,HRL,2024032605002650,50,6,10.00,610.60,"6,106.00",2024-03-26
1307,HRL,2024032605002652,34,45,10.00,611.00,"6,110.00",2024-03-26
1308,HRL,2024032605002653,34,13,20.00,611.00,"12,220.00",2024-03-26
1309,HRL,2024032605002654,34,4,10.00,611.00,"6,110.00",2024-03-26
1310,HRL,2024032605002657,34,10,10.00,611.00,"6,110.00",2024-03-26
1311,HRL,2024032605002660,54,46,10.00,611.00,"6,110.00",2024-03-26
1312,HRL,2024032605002661,54,34,10.00,611.00,"6,110.00",2024-03-26
1313,HRL,2024032605002662,54,4,30.00,611.00,"18,330.00",2024-03-26
1314,HRL,2024032605002663,26,10,10.00,610.50,"6,105.00",2024-03-26
1315,HRL,2024032605002664,42,4,20.00,611.00,"12,220.00",2024-03-26
1316,HRL,2024032605002667,6,49,20.00,610.30,"12,206.00",2024-03-26
1317,HRL,2024032605002671,45,4,25.00,611.00,"15,275.00",2024-03-26
1318,HRL,2024032605002677,32,34,10.00,610.40,"6,104.00",2024-03-26
1319,HRL,2024032605002678,49,4,10.00,611.00,"6,110.00",2024-03-26
1320,HRL,2024032605002679,32,57,10.00,610.40,"6,104.00",2024-03-26
1321,HRL,2024032605002680,38,57,10.00,610.40,"6,104.00",2024-03-26
1322,HRL,2024032605002681,38,34,10.00,610.40,"6,104.00",2024-03-26
1323,HRL,2024032605002688,58,4,15.00,611.00,"9,165.00",2024-03-26
1324,HRL,2024032605002689,58,45,10.00,611.00,"6,110.00",2024-03-26
1325,HRL,2024032605002690,58,1,20.00,611.00,"12,220.00",2024-03-26
1326,HRL,2024032605002691,6,35,10.00,610.40,"6,104.00",2024-03-26
1327,HRL,2024032605002693,6,34,10.00,610.40,"6,104.00",2024-03-26
1328,HRL,2024032605002696,6,25,10.00,610.40,"6,104.00",2024-03-26
1329,HRL,2024032605002698,6,34,10.00,610.40,"6,104.00",2024-03-26
1330,HRL,2024032605002703,6,34,10.00,610.40,"6,104.00",2024-03-26
1331,HRL,2024032605002704,25,20,20.00,611.00,"12,220.00",2024-03-26
1332,HRL,2024032605002705,25,52,10.00,611.00,"6,110.00",2024-03-26
1333,HRL,2024032605002706,25,34,10.00,611.00,"6,110.00",2024-03-26
1334,HRL,2024032605002707,25,21,10.00,611.00,"6,110.00",2024-03-26
1335,HRL,2024032605002708,25,17,150.00,611.00,"91,650.00",2024-03-26
1336,HRL,2024032605002709,44,49,20.00,610.40,"12,208.00",2024-03-26
1337,HRL,2024032605002710,44,42,10.00,610.40,"6,104.00",2024-03-26
1338,HRL,2024032605002713,6,43,10.00,610.30,"6,103.00",2024-03-26
1339,HRL,2024032605002716,58,42,10.00,610.40,"6,104.00",2024-03-26
1340,HRL,2024032605002717,58,6,10.00,610.40,"6,104.00",2024-03-26
1341,HRL,2024032605002719,6,46,10.00,610.30,"6,103.00",2024-03-26
1342,HRL,2024032605002721,42,38,10.00,610.50,"6,105.00",2024-03-26
1343,HRL,2024032605002722,6,38,60.00,610.30,"36,618.00",2024-03-26
1344,HRL,2024032605002723,21,38,30.00,610.20,"18,306.00",2024-03-26
1345,HRL,2024032605002729,21,44,10.00,610.20,"6,102.00",2024-03-26
1346,HRL,2024032605002730,40,17,100.00,611.00,"61,100.00",2024-03-26
1347,HRL,2024032605002732,45,17,50.00,611.00,"30,550.00",2024-03-26
1348,HRL,2024032605002733,55,34,10.00,610.20,"6,102.00",2024-03-26
1349,HRL,2024032605002738,55,32,10.00,610.20,"6,102.00",2024-03-26
1350,HRL,2024032605002739,44,14,10.00,610.30,"6,103.00",2024-03-26
1351,HRL,2024032605002742,44,43,10.00,610.30,"6,103.00",2024-03-26
1352,HRL,2024032605002743,44,34,10.00,610.30,"6,103.00",2024-03-26
1353,HRL,2024032605002746,44,14,10.00,610.30,"6,103.00",2024-03-26
1354,HRL,2024032605002747,44,36,20.00,610.30,"12,206.00",2024-03-26
1355,HRL,2024032605002750,44,34,10.00,610.30,"6,103.00",2024-03-26
1356,HRL,2024032605002751,44,28,10.00,610.30,"6,103.00",2024-03-26
1357,HRL,2024032605002752,19,51,20.00,610.90,"12,218.00",2024-03-26
1358,HRL,2024032605002754,38,58,20.00,610.50,"12,210.00",2024-03-26
1359,HRL,2024032605002756,38,1,10.00,610.50,"6,105.00",2024-03-26
1360,HRL,2024032605002757,38,38,70.00,610.50,"42,735.00",2024-03-26
1361,HRL,2024032605002758,44,38,30.00,610.30,"18,309.00",2024-03-26
1362,HRL,2024032605002759,44,46,90.00,610.30,"54,927.00",2024-03-26
1363,HRL,2024032605002760,25,46,110.00,610.30,"67,133.00",2024-03-26
1364,HRL,2024032605002761,25,91,10.00,610.30,"6,103.00",2024-03-26
1365,HRL,2024032605002762,25,38,10.00,610.30,"6,103.00",2024-03-26
1366,HRL,2024032605002766,45,42,10.00,610.50,"6,105.00",2024-03-26
1367,HRL,2024032605002767,45,32,100.00,610.80,"61,080.00",2024-03-26
1368,HRL,2024032605002768,45,51,130.00,610.90,"79,417.00",2024-03-26
1369,HRL,2024032605002769,25,21,50.00,610.30,"30,515.00",2024-03-26
1370,HRL,2024032605002770,25,56,20.00,610.30,"12,206.00",2024-03-26
1371,HRL,2024032605002771,25,56,160.00,610.30,"97,648.00",2024-03-26
1372,HRL,2024032605002775,55,55,150.00,610.20,"91,530.00",2024-03-26
1373,HRL,2024032605002776,25,55,42.00,610.20,"25,628.40",2024-03-26
1374,HRL,2024032605002777,38,56,20.00,610.30,"12,206.00",2024-03-26
1375,HRL,2024032605002779,26,35,10.00,610.20,"6,102.00",2024-03-26
1376,HRL,2024032605002784,25,51,20.00,610.20,"12,204.00",2024-03-26
1377,HRL,2024032605002785,25,34,10.00,610.20,"6,102.00",2024-03-26
1378,HRL,2024032605002786,25,17,10.00,610.20,"6,102.00",2024-03-26
1379,HRL,2024032605002789,25,54,20.00,610.20,"12,204.00",2024-03-26
1380,HRL,2024032605002790,25,87,10.00,610.20,"6,102.00",2024-03-26
1381,HRL,2024032605002791,25,49,20.00,610.20,"12,204.00",2024-03-26
1382,HRL,2024032605002792,38,56,20.00,610.30,"12,206.00",2024-03-26
1383,HRL,2024032605002793,38,35,30.00,610.30,"18,309.00",2024-03-26
1384,HRL,2024032605002800,25,65,10.00,610.20,"6,102.00",2024-03-26
1385,HRL,2024032605002801,36,65,80.00,610.20,"48,816.00",2024-03-26
1386,HRL,2024032605002802,6,65,80.00,610.10,"48,808.00",2024-03-26
1387,HRL,2024032605002803,4,65,10.00,610.10,"6,101.00",2024-03-26
1388,HRL,2024032605002804,34,65,25.00,610.10,"15,252.50",2024-03-26
1389,HRL,2024032605002805,84,65,500.00,610.10,"305,050.00",2024-03-26
1390,HRL,2024032605002806,50,65,295.00,610.10,"179,979.50",2024-03-26
1391,HRL,2024032605002807,50,54,20.00,610.10,"12,202.00",2024-03-26
1392,HRL,2024032605002808,26,47,5.00,610.00,"3,050.00",2024-03-26
1393,HRL,2024032605002809,54,49,20.00,610.40,"12,208.00",2024-03-26
1394,HRL,2024032605002810,54,33,7.00,610.40,"4,272.80",2024-03-26
1395,HRL,2024032605002811,50,34,10.00,610.10,"6,101.00",2024-03-26
1396,HRL,2024032605002812,50,1,10.00,610.10,"6,101.00",2024-03-26
1397,HRL,2024032605002814,42,45,150.00,610.50,"91,575.00",2024-03-26
1398,HRL,2024032605002815,50,56,200.00,610.10,"122,020.00",2024-03-26
1399,HRL,2024032605002817,50,58,10.00,610.10,"6,101.00",2024-03-26
1400,HRL,2024032605002822,50,34,10.00,610.10,"6,101.00",2024-03-26
1401,HRL,2024032605002824,50,49,20.00,610.10,"12,202.00",2024-03-26
1402,HRL,2024032605002826,29,35,20.00,610.40,"12,208.00",2024-03-26
1403,HRL,2024032605002827,29,45,50.00,610.50,"30,525.00",2024-03-26
1404,HRL,2024032605002828,29,58,10.00,610.70,"6,107.00",2024-03-26
1405,HRL,2024032605002829,29,57,419.00,610.80,"255,925.20",2024-03-26
1406,HRL,2024032605002830,50,21,10.00,610.10,"6,101.00",2024-03-26
1407,HRL,2024032605002831,50,4,10.00,610.10,"6,101.00",2024-03-26
1408,HRL,2024032605002832,54,57,70.00,610.80,"42,756.00",2024-03-26
1409,HRL,2024032605002833,50,49,20.00,610.10,"12,202.00",2024-03-26
1410,HRL,2024032605002837,50,34,30.00,610.10,"18,303.00",2024-03-26
1411,HRL,2024032605002838,50,49,10.00,610.10,"6,101.00",2024-03-26
1412,HRL,2024032605002839,49,29,10.00,610.30,"6,103.00",2024-03-26
1413,HRL,2024032605002848,49,48,10.00,610.30,"6,103.00",2024-03-26
1414,HRL,2024032605002849,50,48,235.00,610.10,"143,373.50",2024-03-26
1415,HRL,2024032605002850,45,48,500.00,610.10,"305,050.00",2024-03-26
1416,HRL,2024032605002851,6,48,100.00,610.00,"61,000.00",2024-03-26
1417,HRL,2024032605002852,48,48,155.00,610.00,"94,550.00",2024-03-26
1418,HRL,2024032605002855,25,26,15.00,610.00,"9,150.00",2024-03-26
1419,HRL,2024032605002856,34,26,25.00,610.00,"15,250.00",2024-03-26
1420,HRL,2024032605002857,34,32,20.00,610.00,"12,200.00",2024-03-26
1421,HRL,2024032605002858,34,57,11.00,610.80,"6,718.80",2024-03-26
1422,HRL,2024032605002859,34,51,589.00,610.90,"359,820.10",2024-03-26
1423,HRL,2024032605002860,58,49,20.00,610.10,"12,202.00",2024-03-26
1424,HRL,2024032605002861,34,35,10.00,610.00,"6,100.00",2024-03-26
1425,HRL,2024032605002864,6,42,10.00,610.10,"6,101.00",2024-03-26
1426,HRL,2024032605002866,6,6,10.00,610.10,"6,101.00",2024-03-26
1427,HRL,2024032605002868,6,55,10.00,610.10,"6,101.00",2024-03-26
1428,HRL,2024032605002871,6,40,10.00,610.10,"6,101.00",2024-03-26
1429,HRL,2024032605002872,6,56,10.00,610.10,"6,101.00",2024-03-26
1430,HRL,2024032605002877,41,29,10.00,610.50,"6,105.00",2024-03-26
1431,HRL,2024032605002878,41,19,10.00,610.80,"6,108.00",2024-03-26
1432,HRL,2024032605002879,41,51,261.00,610.90,"159,444.90",2024-03-26
1433,HRL,2024032605002880,41,17,200.00,611.00,"122,200.00",2024-03-26
1434,HRL,2024032605002881,41,34,10.00,611.00,"6,110.00",2024-03-26
1435,HRL,2024032605002882,41,41,20.00,611.00,"12,220.00",2024-03-26
1436,HRL,2024032605002883,41,5,30.00,611.00,"18,330.00",2024-03-26
1437,HRL,2024032605002884,41,26,10.00,611.00,"6,110.00",2024-03-26
1438,HRL,2024032605002885,41,84,10.00,611.00,"6,110.00",2024-03-26
1439,HRL,2024032605002886,41,32,10.00,611.00,"6,110.00",2024-03-26
1440,HRL,2024032605002887,41,41,10.00,611.00,"6,110.00",2024-03-26
1441,HRL,2024032605002888,41,45,10.00,611.00,"6,110.00",2024-03-26
1442,HRL,2024032605002889,41,42,70.00,611.00,"42,770.00",2024-03-26
1443,HRL,2024032605002890,41,34,139.00,611.00,"84,929.00",2024-03-26
1444,HRL,2024032605002891,6,49,50.00,610.10,"30,505.00",2024-03-26
1445,HRL,2024032605002892,26,49,10.00,610.10,"6,101.00",2024-03-26
1446,HRL,2024032605002893,34,49,145.00,610.00,"88,450.00",2024-03-26
1447,HRL,2024032605002894,43,49,10.00,610.00,"6,100.00",2024-03-26
1448,HRL,2024032605002895,58,49,50.00,610.00,"30,500.00",2024-03-26
1449,HRL,2024032605002896,58,49,10.00,610.00,"6,100.00",2024-03-26
1450,HRL,2024032605002897,34,49,50.00,610.00,"30,500.00",2024-03-26
1451,HRL,2024032605002898,58,49,200.00,610.00,"122,000.00",2024-03-26
1452,HRL,2024032605002899,49,49,333.00,610.00,"203,130.00",2024-03-26
1453,HRL,2024032605002900,45,49,50.00,610.00,"30,500.00",2024-03-26
1454,HRL,2024032605002901,42,49,70.00,610.00,"42,700.00",2024-03-26
1455,HRL,2024032605002902,42,49,296.00,610.00,"180,560.00",2024-03-26
1456,HRL,2024032605002903,42,49,10.00,610.00,"6,100.00",2024-03-26
1457,HRL,2024032605002904,26,49,100.00,610.00,"61,000.00",2024-03-26
1458,HRL,2024032605002905,38,49,100.00,610.00,"61,000.00",2024-03-26
1459,HRL,2024032605002906,38,49,300.00,610.00,"183,000.00",2024-03-26
1460,HRL,2024032605002907,11,49,10.00,610.00,"6,100.00",2024-03-26
1461,HRL,2024032605002908,57,49,10.00,610.00,"6,100.00",2024-03-26
1462,HRL,2024032605002909,42,49,70.00,610.00,"42,700.00",2024-03-26
1463,HRL,2024032605002910,45,49,106.00,610.00,"64,660.00",2024-03-26
1464,HRL,2024032605002911,16,49,10.00,610.00,"6,100.00",2024-03-26
1465,HRL,2024032605002912,38,49,20.00,610.00,"12,200.00",2024-03-26
1466,HRL,2024032605002913,55,49,990.00,610.00,"603,900.00",2024-03-26
1467,HRL,2024032605002914,55,26,150.00,610.00,"91,500.00",2024-03-26
1468,HRL,2024032605002915,55,38,10.00,610.00,"6,100.00",2024-03-26
1469,HRL,2024032605002916,55,58,10.00,610.00,"6,100.00",2024-03-26
1470,HRL,2024032605002918,55,41,10.00,610.00,"6,100.00",2024-03-26
1471,HRL,2024032605002920,38,40,10.00,610.10,"6,101.00",2024-03-26
1472,HRL,2024032605002922,38,26,10.00,610.10,"6,101.00",2024-03-26
1473,HRL,2024032605002924,38,29,10.00,610.10,"6,101.00",2024-03-26
1474,HRL,2024032605002926,54,38,15.00,610.10,"9,151.50",2024-03-26
1475,HRL,2024032605002927,55,19,10.00,610.00,"6,100.00",2024-03-26
1476,HRL,2024032605002934,55,49,40.00,610.00,"24,400.00",2024-03-26
1477,HRL,2024032605002936,55,51,20.00,610.00,"12,200.00",2024-03-26
1478,HRL,2024032605002937,55,29,20.00,610.00,"12,200.00",2024-03-26
1479,HRL,2024032605002938,55,34,500.00,610.00,"305,000.00",2024-03-26
1480,HRL,2024032605002939,55,26,500.00,610.00,"305,000.00",2024-03-26
1481,HRL,2024032605002941,55,57,10.00,610.00,"6,100.00",2024-03-26
1482,HRL,2024032605002943,55,29,10.00,610.00,"6,100.00",2024-03-26
1483,HRL,2024032605002945,55,52,10.00,610.00,"6,100.00",2024-03-26
1484,HRL,2024032605002951,55,55,10.00,610.00,"6,100.00",2024-03-26
1485,HRL,2024032605002954,55,42,10.00,610.00,"6,100.00",2024-03-26
1486,HRL,2024032605002956,55,19,10.00,610.00,"6,100.00",2024-03-26
1487,HRL,2024032605002957,55,22,30.00,610.00,"18,300.00",2024-03-26
1488,HRL,2024032605002964,55,40,10.00,610.00,"6,100.00",2024-03-26
1489,HRL,2024032605002966,55,58,20.00,610.00,"12,200.00",2024-03-26
1490,HRL,2024032605002970,55,26,500.00,610.00,"305,000.00",2024-03-26
1491,HRL,2024032605002971,55,29,10.00,610.00,"6,100.00",2024-03-26
1492,HRL,2024032605002975,55,58,10.00,610.00,"6,100.00",2024-03-26
1493,HRL,2024032605002977,55,45,50.00,610.00,"30,500.00",2024-03-26
1494,HRL,2024032605002979,55,49,10.00,610.00,"6,100.00",2024-03-26
1495,HRL,2024032605002980,55,59,20.00,610.00,"12,200.00",2024-03-26
1496,HRL,2024032605002981,55,38,10.00,610.00,"6,100.00",2024-03-26
1497,HRL,2024032605002982,55,50,10.00,610.00,"6,100.00",2024-03-26
1498,HRL,2024032605002984,55,62,10.00,610.00,"6,100.00",2024-03-26
