SN,Symbol,Transaction No.,Buyer Broker,Seller Broker,Share Quantity,Rate(Rs),Amount(Rs),Traded Date
1,HRL,2024031405000004,65,58,40.00,638.60,"25,544.00",2024-03-14
2,HRL,2024031405000009,43,55,10.00,638.70,"6,387.00",2024-03-14
3,HRL,2024031405000010,43,58,10.00,638.70,"6,387.00",2024-03-14
4,HRL,2024031405000011,43,56,20.00,638.70,"12,774.00",2024-03-14
5,HRL,2024031405000012,43,14,10.00,638.70,"6,387.00",2024-03-14
6,HRL,2024031405000014,43,14,10.00,638.70,"6,387.00",2024-03-14
7,HRL,2024031405000015,43,14,10.00,638.70,"6,387.00",2024-03-14
8,HRL,2024031405000016,43,57,130.00,638.70,"83,031.00",2024-03-14
9,HRL,2024031405000017,65,57,60.00,638.60,"38,316.00",2024-03-14
10,HRL,2024031405000018,19,57,10.00,638.00,"6,380.00",2024-03-14
11,HRL,2024031405000019,19,14,10.00,638.00,"6,380.00",2024-03-14
12,HRL,2024031405000020,19,74,480.00,638.00,"306,240.00",2024-03-14
13,HRL,2024031405000021,6,74,90.00,638.00,"57,420.00",2024-03-14
14,HRL,2024031405000022,42,53,100.00,637.30,"63,730.00",2024-03-14
15,HRL,2024031405000023,43,53,100.00,637.30,"63,730.00",2024-03-14
16,HRL,2024031405000026,43,66,10.00,636.20,"6,362.00",2024-03-14
17,HRL,2024031405000030,43,38,30.00,636.20,"19,086.00",2024-03-14
18,HRL,2024031405000031,43,55,20.00,636.20,"12,724.00",2024-03-14
19,HRL,2024031405000032,43,55,20.00,636.20,"12,724.00",2024-03-14
20,HRL,2024031405000033,43,36,10.00,636.20,"6,362.00",2024-03-14
21,HRL,2024031405000035,58,58,20.00,637.00,"12,740.00",2024-03-14
22,HRL,2024031405000036,58,74,60.00,638.00,"38,280.00",2024-03-14
23,HRL,2024031405000042,43,74,222.00,638.00,"141,636.00",2024-03-14
24,HRL,2024031405000043,43,57,20.00,638.00,"12,760.00",2024-03-14
25,HRL,2024031405000044,43,22,10.00,638.00,"6,380.00",2024-03-14
26,HRL,2024031405000045,65,13,50.00,639.00,"31,950.00",2024-03-14
27,HRL,2024031405000046,65,34,20.00,639.00,"12,780.00",2024-03-14
28,HRL,2024031405000047,65,22,30.00,640.00,"19,200.00",2024-03-14
29,HRL,2024031405000048,65,58,10.00,640.00,"6,400.00",2024-03-14
30,HRL,2024031405000049,65,57,10.00,641.00,"6,410.00",2024-03-14
31,HRL,2024031405000050,65,19,100.00,641.00,"64,100.00",2024-03-14
32,HRL,2024031405000051,65,89,10.00,641.90,"6,419.00",2024-03-14
33,HRL,2024031405000052,65,58,20.00,642.00,"12,840.00",2024-03-14
34,HRL,2024031405000054,43,57,10.00,642.00,"6,420.00",2024-03-14
35,HRL,2024031405000055,41,40,10.00,639.00,"6,390.00",2024-03-14
36,HRL,2024031405000056,41,35,10.00,639.00,"6,390.00",2024-03-14
37,HRL,2024031405000062,43,34,30.00,640.00,"19,200.00",2024-03-14
38,HRL,2024031405000066,43,91,10.00,640.00,"6,400.00",2024-03-14
39,HRL,2024031405000067,58,57,100.00,642.00,"64,200.00",2024-03-14
40,HRL,2024031405000068,43,35,10.00,640.00,"6,400.00",2024-03-14
41,HRL,2024031405000069,43,1,10.00,640.00,"6,400.00",2024-03-14
42,HRL,2024031405000070,43,53,30.00,640.00,"19,200.00",2024-03-14
43,HRL,2024031405000071,43,36,10.00,640.00,"6,400.00",2024-03-14
44,HRL,2024031405000072,41,6,10.00,639.00,"6,390.00",2024-03-14
45,HRL,2024031405000073,57,36,500.00,640.00,"320,000.00",2024-03-14
46,HRL,2024031405000075,38,50,14.00,639.00,"8,946.00",2024-03-14
47,HRL,2024031405000079,38,38,31.00,638.50,"19,793.50",2024-03-14
48,HRL,2024031405000080,38,38,500.00,638.10,"319,050.00",2024-03-14
49,HRL,2024031405000084,50,36,150.00,640.00,"96,000.00",2024-03-14
50,HRL,2024031405000085,28,72,10.00,638.00,"6,380.00",2024-03-14
51,HRL,2024031405000087,28,40,10.00,638.00,"6,380.00",2024-03-14
52,HRL,2024031405000088,28,56,10.00,638.00,"6,380.00",2024-03-14
53,HRL,2024031405000089,28,38,20.00,638.00,"12,760.00",2024-03-14
54,HRL,2024031405000090,38,38,20.00,638.00,"12,760.00",2024-03-14
55,HRL,2024031405000091,22,38,60.00,638.00,"38,280.00",2024-03-14
56,HRL,2024031405000092,36,26,10.00,638.10,"6,381.00",2024-03-14
57,HRL,2024031405000094,36,36,90.00,638.10,"57,429.00",2024-03-14
58,HRL,2024031405000095,22,36,18.00,638.00,"11,484.00",2024-03-14
59,HRL,2024031405000096,22,51,10.00,637.20,"6,372.00",2024-03-14
60,HRL,2024031405000099,22,34,50.00,637.20,"31,860.00",2024-03-14
61,HRL,2024031405000100,22,4,10.00,637.20,"6,372.00",2024-03-14
62,HRL,2024031405000101,22,71,30.00,637.20,"19,116.00",2024-03-14
63,HRL,2024031405000102,44,71,10.00,637.00,"6,370.00",2024-03-14
64,HRL,2024031405000103,43,71,50.00,637.00,"31,850.00",2024-03-14
65,HRL,2024031405000104,48,71,200.00,637.00,"127,400.00",2024-03-14
66,HRL,2024031405000105,36,71,100.00,636.30,"63,630.00",2024-03-14
67,HRL,2024031405000106,1,71,100.00,636.30,"63,630.00",2024-03-14
68,HRL,2024031405000107,36,71,100.00,636.30,"63,630.00",2024-03-14
69,HRL,2024031405000108,37,71,30.00,636.10,"19,083.00",2024-03-14
70,HRL,2024031405000109,38,71,20.00,636.00,"12,720.00",2024-03-14
71,HRL,2024031405000110,39,71,52.00,636.00,"33,072.00",2024-03-14
72,HRL,2024031405000111,1,71,308.00,636.00,"195,888.00",2024-03-14
73,HRL,2024031405000117,1,56,10.00,636.00,"6,360.00",2024-03-14
74,HRL,2024031405000118,1,7,20.00,636.00,"12,720.00",2024-03-14
75,HRL,2024031405000122,58,36,100.00,638.00,"63,800.00",2024-03-14
76,HRL,2024031405000123,50,38,"1,000.00",636.10,"636,100.00",2024-03-14
77,HRL,2024031405000126,34,8,34.00,636.20,"21,630.80",2024-03-14
78,HRL,2024031405000127,36,8,116.00,636.20,"73,799.20",2024-03-14
79,HRL,2024031405000128,36,55,20.00,636.20,"12,724.00",2024-03-14
80,HRL,2024031405000130,36,33,10.00,636.20,"6,362.00",2024-03-14
81,HRL,2024031405000131,36,41,54.00,636.20,"34,354.80",2024-03-14
82,HRL,2024031405000132,48,41,26.00,636.20,"16,541.20",2024-03-14
83,HRL,2024031405000133,48,91,20.00,636.20,"12,724.00",2024-03-14
84,HRL,2024031405000134,43,58,10.00,637.00,"6,370.00",2024-03-14
85,HRL,2024031405000135,43,80,100.00,637.00,"63,700.00",2024-03-14
86,HRL,2024031405000138,43,38,190.00,637.00,"121,030.00",2024-03-14
87,HRL,2024031405000139,13,38,15.00,637.00,"9,555.00",2024-03-14
88,HRL,2024031405000140,48,63,10.00,636.20,"6,362.00",2024-03-14
89,HRL,2024031405000141,48,35,10.00,636.20,"6,362.00",2024-03-14
90,HRL,2024031405000142,48,28,10.00,636.20,"6,362.00",2024-03-14
91,HRL,2024031405000143,48,26,20.00,636.20,"12,724.00",2024-03-14
92,HRL,2024031405000144,44,38,15.00,637.00,"9,555.00",2024-03-14
93,HRL,2024031405000145,39,38,21.00,637.00,"13,377.00",2024-03-14
94,HRL,2024031405000146,57,35,10.00,636.50,"6,365.00",2024-03-14
95,HRL,2024031405000147,57,47,20.00,636.50,"12,730.00",2024-03-14
96,HRL,2024031405000148,57,58,10.00,636.50,"6,365.00",2024-03-14
97,HRL,2024031405000151,57,35,10.00,636.50,"6,365.00",2024-03-14
98,HRL,2024031405000152,35,38,500.00,637.00,"318,500.00",2024-03-14
99,HRL,2024031405000154,57,58,10.00,636.50,"6,365.00",2024-03-14
100,HRL,2024031405000156,57,16,10.00,636.50,"6,365.00",2024-03-14
101,HRL,2024031405000157,21,38,100.00,637.00,"63,700.00",2024-03-14
102,HRL,2024031405000158,57,51,10.00,636.50,"6,365.00",2024-03-14
103,HRL,2024031405000159,62,38,59.00,637.00,"37,583.00",2024-03-14
104,HRL,2024031405000163,62,38,41.00,637.00,"26,117.00",2024-03-14
105,HRL,2024031405000165,34,55,20.00,637.00,"12,740.00",2024-03-14
106,HRL,2024031405000167,34,58,180.00,637.00,"114,660.00",2024-03-14
107,HRL,2024031405000168,38,58,10.00,636.90,"6,369.00",2024-03-14
108,HRL,2024031405000170,57,34,20.00,636.50,"12,730.00",2024-03-14
109,HRL,2024031405000172,7,58,10.00,636.90,"6,369.00",2024-03-14
110,HRL,2024031405000173,53,1,10.00,636.40,"6,364.00",2024-03-14
111,HRL,2024031405000174,53,34,10.00,636.40,"6,364.00",2024-03-14
112,HRL,2024031405000176,53,58,10.00,636.40,"6,364.00",2024-03-14
113,HRL,2024031405000178,44,35,10.00,636.50,"6,365.00",2024-03-14
114,HRL,2024031405000179,44,38,48.00,636.50,"30,552.00",2024-03-14
115,HRL,2024031405000180,44,57,20.00,636.50,"12,730.00",2024-03-14
116,HRL,2024031405000181,44,21,20.00,636.50,"12,730.00",2024-03-14
117,HRL,2024031405000182,53,21,20.00,636.40,"12,728.00",2024-03-14
118,HRL,2024031405000183,49,52,40.00,636.40,"25,456.00",2024-03-14
119,HRL,2024031405000184,49,35,10.00,636.40,"6,364.00",2024-03-14
120,HRL,2024031405000186,49,21,10.00,636.40,"6,364.00",2024-03-14
121,HRL,2024031405000187,49,21,90.00,636.40,"57,276.00",2024-03-14
122,HRL,2024031405000188,76,21,10.00,636.30,"6,363.00",2024-03-14
123,HRL,2024031405000191,76,35,10.00,636.30,"6,363.00",2024-03-14
124,HRL,2024031405000195,76,8,10.00,636.30,"6,363.00",2024-03-14
125,HRL,2024031405000196,76,59,10.00,636.30,"6,363.00",2024-03-14
126,HRL,2024031405000198,36,58,20.00,636.50,"12,730.00",2024-03-14
127,HRL,2024031405000199,36,22,10.00,637.00,"6,370.00",2024-03-14
128,HRL,2024031405000200,36,56,20.00,637.00,"12,740.00",2024-03-14
129,HRL,2024031405000201,36,4,10.00,637.00,"6,370.00",2024-03-14
130,HRL,2024031405000202,36,14,10.00,637.00,"6,370.00",2024-03-14
131,HRL,2024031405000203,36,38,10.00,637.00,"6,370.00",2024-03-14
132,HRL,2024031405000204,36,16,10.00,637.00,"6,370.00",2024-03-14
133,HRL,2024031405000205,36,51,10.00,637.00,"6,370.00",2024-03-14
134,HRL,2024031405000206,57,32,20.00,638.00,"12,760.00",2024-03-14
135,HRL,2024031405000207,57,72,300.00,638.00,"191,400.00",2024-03-14
136,HRL,2024031405000211,57,35,10.00,638.00,"6,380.00",2024-03-14
137,HRL,2024031405000212,57,39,10.00,638.00,"6,380.00",2024-03-14
138,HRL,2024031405000214,57,34,20.00,638.00,"12,760.00",2024-03-14
139,HRL,2024031405000215,57,66,10.00,638.00,"6,380.00",2024-03-14
140,HRL,2024031405000217,57,21,10.00,638.00,"6,380.00",2024-03-14
141,HRL,2024031405000218,57,49,10.00,638.00,"6,380.00",2024-03-14
142,HRL,2024031405000219,57,13,10.00,638.00,"6,380.00",2024-03-14
143,HRL,2024031405000223,57,58,10.00,638.00,"6,380.00",2024-03-14
144,HRL,2024031405000228,57,34,20.00,638.00,"12,760.00",2024-03-14
145,HRL,2024031405000230,57,21,10.00,638.00,"6,380.00",2024-03-14
146,HRL,2024031405000231,57,35,10.00,638.00,"6,380.00",2024-03-14
147,HRL,2024031405000232,57,39,20.00,638.00,"12,760.00",2024-03-14
148,HRL,2024031405000235,57,35,10.00,638.00,"6,380.00",2024-03-14
149,HRL,2024031405000237,57,13,10.00,638.00,"6,380.00",2024-03-14
150,HRL,2024031405000238,57,58,10.00,638.00,"6,380.00",2024-03-14
151,HRL,2024031405000239,36,58,10.00,638.00,"6,380.00",2024-03-14
152,HRL,2024031405000240,36,13,30.00,638.00,"19,140.00",2024-03-14
153,HRL,2024031405000243,36,36,10.00,638.00,"6,380.00",2024-03-14
154,HRL,2024031405000250,36,44,10.00,638.00,"6,380.00",2024-03-14
155,HRL,2024031405000251,19,58,10.00,638.10,"6,381.00",2024-03-14
156,HRL,2024031405000256,19,14,10.00,638.10,"6,381.00",2024-03-14
157,HRL,2024031405000257,58,6,10.00,639.00,"6,390.00",2024-03-14
158,HRL,2024031405000258,19,68,10.00,638.10,"6,381.00",2024-03-14
159,HRL,2024031405000261,74,29,10.00,639.00,"6,390.00",2024-03-14
160,HRL,2024031405000262,74,62,10.00,639.00,"6,390.00",2024-03-14
161,HRL,2024031405000263,74,57,10.00,639.00,"6,390.00",2024-03-14
162,HRL,2024031405000271,74,41,20.00,639.00,"12,780.00",2024-03-14
163,HRL,2024031405000272,74,16,20.00,639.00,"12,780.00",2024-03-14
164,HRL,2024031405000273,74,21,10.00,639.00,"6,390.00",2024-03-14
165,HRL,2024031405000274,36,52,40.00,639.40,"25,576.00",2024-03-14
166,HRL,2024031405000275,36,55,960.00,639.50,"613,920.00",2024-03-14
167,HRL,2024031405000276,74,58,10.00,639.00,"6,390.00",2024-03-14
168,HRL,2024031405000277,74,57,10.00,639.00,"6,390.00",2024-03-14
169,HRL,2024031405000279,16,13,10.00,639.10,"6,391.00",2024-03-14
170,HRL,2024031405000281,36,55,40.00,639.50,"25,580.00",2024-03-14
171,HRL,2024031405000282,36,49,10.00,639.50,"6,395.00",2024-03-14
172,HRL,2024031405000283,36,56,10.00,639.90,"6,399.00",2024-03-14
173,HRL,2024031405000284,36,58,100.00,639.90,"63,990.00",2024-03-14
174,HRL,2024031405000285,36,17,40.00,640.00,"25,600.00",2024-03-14
175,HRL,2024031405000286,36,71,20.00,640.00,"12,800.00",2024-03-14
176,HRL,2024031405000287,36,56,10.00,640.00,"6,400.00",2024-03-14
177,HRL,2024031405000288,36,21,15.00,640.00,"9,600.00",2024-03-14
178,HRL,2024031405000289,36,4,20.00,640.00,"12,800.00",2024-03-14
179,HRL,2024031405000290,36,11,10.00,640.00,"6,400.00",2024-03-14
180,HRL,2024031405000291,36,34,30.00,640.00,"19,200.00",2024-03-14
181,HRL,2024031405000292,36,46,20.00,640.00,"12,800.00",2024-03-14
182,HRL,2024031405000293,36,56,10.00,640.00,"6,400.00",2024-03-14
183,HRL,2024031405000294,36,1,325.00,640.00,"208,000.00",2024-03-14
184,HRL,2024031405000295,36,58,10.00,640.00,"6,400.00",2024-03-14
185,HRL,2024031405000296,36,4,10.00,640.00,"6,400.00",2024-03-14
186,HRL,2024031405000297,36,58,10.00,640.00,"6,400.00",2024-03-14
187,HRL,2024031405000298,36,62,10.00,640.00,"6,400.00",2024-03-14
188,HRL,2024031405000299,36,35,10.00,640.00,"6,400.00",2024-03-14
189,HRL,2024031405000300,36,34,40.00,640.00,"25,600.00",2024-03-14
190,HRL,2024031405000301,36,14,20.00,640.00,"12,800.00",2024-03-14
191,HRL,2024031405000302,36,55,230.00,640.00,"147,200.00",2024-03-14
192,HRL,2024031405000303,25,55,200.00,640.00,"128,000.00",2024-03-14
193,HRL,2024031405000305,43,55,400.00,640.00,"256,000.00",2024-03-14
194,HRL,2024031405000311,16,32,30.00,639.10,"19,173.00",2024-03-14
195,HRL,2024031405000314,16,14,10.00,639.10,"6,391.00",2024-03-14
196,HRL,2024031405000316,41,55,50.00,640.00,"32,000.00",2024-03-14
197,HRL,2024031405000317,17,38,10.00,639.10,"6,391.00",2024-03-14
198,HRL,2024031405000318,17,57,10.00,639.10,"6,391.00",2024-03-14
199,HRL,2024031405000322,17,22,10.00,639.10,"6,391.00",2024-03-14
200,HRL,2024031405000323,66,55,100.00,640.00,"64,000.00",2024-03-14
201,HRL,2024031405000324,17,14,10.00,639.10,"6,391.00",2024-03-14
202,HRL,2024031405000326,66,55,20.00,640.00,"12,800.00",2024-03-14
203,HRL,2024031405000327,66,58,10.00,640.00,"6,400.00",2024-03-14
204,HRL,2024031405000328,66,44,10.00,640.00,"6,400.00",2024-03-14
205,HRL,2024031405000329,66,49,10.00,640.00,"6,400.00",2024-03-14
206,HRL,2024031405000330,45,1,30.00,640.00,"19,200.00",2024-03-14
207,HRL,2024031405000331,45,8,500.00,640.00,"320,000.00",2024-03-14
208,HRL,2024031405000332,45,45,10.00,640.00,"6,400.00",2024-03-14
209,HRL,2024031405000335,45,57,10.00,640.00,"6,400.00",2024-03-14
210,HRL,2024031405000339,45,52,30.00,640.00,"19,200.00",2024-03-14
211,HRL,2024031405000340,45,41,20.00,640.00,"12,800.00",2024-03-14
212,HRL,2024031405000341,45,35,50.00,640.00,"32,000.00",2024-03-14
213,HRL,2024031405000344,58,56,10.00,641.00,"6,410.00",2024-03-14
214,HRL,2024031405000345,58,58,10.00,641.00,"6,410.00",2024-03-14
215,HRL,2024031405000349,45,57,10.00,640.00,"6,400.00",2024-03-14
216,HRL,2024031405000350,58,45,10.00,641.00,"6,410.00",2024-03-14
217,HRL,2024031405000351,7,56,10.00,640.10,"6,401.00",2024-03-14
218,HRL,2024031405000352,7,36,10.00,640.10,"6,401.00",2024-03-14
219,HRL,2024031405000353,7,57,10.00,640.10,"6,401.00",2024-03-14
220,HRL,2024031405000358,7,57,10.00,640.10,"6,401.00",2024-03-14
221,HRL,2024031405000363,45,56,10.00,640.00,"6,400.00",2024-03-14
222,HRL,2024031405000364,58,58,10.00,641.00,"6,410.00",2024-03-14
223,HRL,2024031405000366,45,57,10.00,640.00,"6,400.00",2024-03-14
224,HRL,2024031405000368,45,45,10.00,640.00,"6,400.00",2024-03-14
225,HRL,2024031405000369,45,58,10.00,640.00,"6,400.00",2024-03-14
226,HRL,2024031405000370,45,50,10.00,640.00,"6,400.00",2024-03-14
227,HRL,2024031405000372,45,57,10.00,640.00,"6,400.00",2024-03-14
228,HRL,2024031405000373,45,32,20.00,640.00,"12,800.00",2024-03-14
229,HRL,2024031405000374,45,17,10.00,640.00,"6,400.00",2024-03-14
230,HRL,2024031405000375,45,38,100.00,640.00,"64,000.00",2024-03-14
231,HRL,2024031405000376,45,57,10.00,640.00,"6,400.00",2024-03-14
232,HRL,2024031405000377,45,38,10.00,640.00,"6,400.00",2024-03-14
233,HRL,2024031405000379,65,58,20.00,641.00,"12,820.00",2024-03-14
234,HRL,2024031405000380,65,53,20.00,641.90,"12,838.00",2024-03-14
235,HRL,2024031405000381,45,19,10.00,640.00,"6,400.00",2024-03-14
236,HRL,2024031405000382,45,36,10.00,640.00,"6,400.00",2024-03-14
237,HRL,2024031405000383,45,46,10.00,640.00,"6,400.00",2024-03-14
238,HRL,2024031405000385,45,57,10.00,640.00,"6,400.00",2024-03-14
239,HRL,2024031405000387,45,35,10.00,640.00,"6,400.00",2024-03-14
240,HRL,2024031405000388,45,36,80.00,640.00,"51,200.00",2024-03-14
241,HRL,2024031405000391,40,36,100.00,640.00,"64,000.00",2024-03-14
242,HRL,2024031405000393,66,36,120.00,640.00,"76,800.00",2024-03-14
243,HRL,2024031405000398,50,55,10.00,639.20,"6,392.00",2024-03-14
244,HRL,2024031405000399,50,32,77.00,639.20,"49,218.40",2024-03-14
245,HRL,2024031405000401,50,56,20.00,639.20,"12,784.00",2024-03-14
246,HRL,2024031405000408,50,11,10.00,639.20,"6,392.00",2024-03-14
247,HRL,2024031405000411,20,36,400.00,640.00,"256,000.00",2024-03-14
248,HRL,2024031405000413,49,36,10.00,640.00,"6,400.00",2024-03-14
249,HRL,2024031405000414,50,52,20.00,639.20,"12,784.00",2024-03-14
250,HRL,2024031405000416,50,36,10.00,639.20,"6,392.00",2024-03-14
251,HRL,2024031405000417,58,36,150.00,640.00,"96,000.00",2024-03-14
252,HRL,2024031405000420,50,56,20.00,639.20,"12,784.00",2024-03-14
253,HRL,2024031405000421,50,22,10.00,639.20,"6,392.00",2024-03-14
254,HRL,2024031405000422,45,36,500.00,640.00,"320,000.00",2024-03-14
255,HRL,2024031405000423,50,77,323.00,639.20,"206,461.60",2024-03-14
256,HRL,2024031405000424,17,77,160.00,639.10,"102,256.00",2024-03-14
257,HRL,2024031405000425,74,77,400.00,639.00,"255,600.00",2024-03-14
258,HRL,2024031405000426,33,77,100.00,639.00,"63,900.00",2024-03-14
259,HRL,2024031405000427,57,77,10.00,639.00,"6,390.00",2024-03-14
260,HRL,2024031405000428,34,77,100.00,639.00,"63,900.00",2024-03-14
261,HRL,2024031405000429,60,77,15.00,639.00,"9,585.00",2024-03-14
262,HRL,2024031405000430,36,77,92.00,639.00,"58,788.00",2024-03-14
263,HRL,2024031405000434,36,38,10.00,639.00,"6,390.00",2024-03-14
264,HRL,2024031405000439,36,21,10.00,639.00,"6,390.00",2024-03-14
265,HRL,2024031405000442,26,6,10.00,639.00,"6,390.00",2024-03-14
266,HRL,2024031405000444,69,6,40.00,639.00,"25,560.00",2024-03-14
267,HRL,2024031405000445,29,36,160.00,640.00,"102,400.00",2024-03-14
268,HRL,2024031405000448,57,36,70.00,640.00,"44,800.00",2024-03-14
269,HRL,2024031405000449,1,36,410.00,640.00,"262,400.00",2024-03-14
270,HRL,2024031405000450,1,56,10.00,640.00,"6,400.00",2024-03-14
271,HRL,2024031405000451,1,45,10.00,640.00,"6,400.00",2024-03-14
272,HRL,2024031405000452,1,45,20.00,640.00,"12,800.00",2024-03-14
273,HRL,2024031405000453,1,11,20.00,640.00,"12,800.00",2024-03-14
274,HRL,2024031405000454,1,51,10.00,640.00,"6,400.00",2024-03-14
275,HRL,2024031405000455,1,94,220.00,640.00,"140,800.00",2024-03-14
276,HRL,2024031405000456,35,94,150.00,640.00,"96,000.00",2024-03-14
277,HRL,2024031405000462,69,44,960.00,639.00,"613,440.00",2024-03-14
278,HRL,2024031405000463,48,44,500.00,639.00,"319,500.00",2024-03-14
279,HRL,2024031405000466,35,44,50.00,639.00,"31,950.00",2024-03-14
280,HRL,2024031405000469,1,13,20.00,638.30,"12,766.00",2024-03-14
281,HRL,2024031405000471,1,6,10.00,638.30,"6,383.00",2024-03-14
282,HRL,2024031405000474,59,44,90.00,639.00,"57,510.00",2024-03-14
283,HRL,2024031405000475,59,53,30.00,639.00,"19,170.00",2024-03-14
284,HRL,2024031405000476,59,46,30.00,639.00,"19,170.00",2024-03-14
285,HRL,2024031405000477,1,21,10.00,638.30,"6,383.00",2024-03-14
286,HRL,2024031405000479,1,49,10.00,638.30,"6,383.00",2024-03-14
287,HRL,2024031405000484,17,49,200.00,638.40,"127,680.00",2024-03-14
288,HRL,2024031405000485,1,49,200.00,638.30,"127,660.00",2024-03-14
289,HRL,2024031405000486,59,94,130.00,640.00,"83,200.00",2024-03-14
290,HRL,2024031405000487,59,17,50.00,640.00,"32,000.00",2024-03-14
291,HRL,2024031405000488,59,32,30.00,640.00,"19,200.00",2024-03-14
292,HRL,2024031405000489,59,58,10.00,640.00,"6,400.00",2024-03-14
293,HRL,2024031405000490,59,48,10.00,640.00,"6,400.00",2024-03-14
294,HRL,2024031405000491,59,38,10.00,640.00,"6,400.00",2024-03-14
295,HRL,2024031405000492,59,58,20.00,640.00,"12,800.00",2024-03-14
296,HRL,2024031405000493,59,77,10.00,640.00,"6,400.00",2024-03-14
297,HRL,2024031405000500,26,40,10.00,640.00,"6,400.00",2024-03-14
298,HRL,2024031405000502,21,11,30.00,640.00,"19,200.00",2024-03-14
299,HRL,2024031405000505,21,67,20.00,640.00,"12,800.00",2024-03-14
300,HRL,2024031405000509,21,56,10.00,640.00,"6,400.00",2024-03-14
301,HRL,2024031405000511,21,21,10.00,640.00,"6,400.00",2024-03-14
302,HRL,2024031405000517,21,38,10.00,640.00,"6,400.00",2024-03-14
303,HRL,2024031405000518,21,55,20.00,640.00,"12,800.00",2024-03-14
304,HRL,2024031405000520,14,36,10.00,640.00,"6,400.00",2024-03-14
305,HRL,2024031405000521,14,46,30.00,640.00,"19,200.00",2024-03-14
306,HRL,2024031405000523,14,49,10.00,640.00,"6,400.00",2024-03-14
307,HRL,2024031405000529,14,34,10.00,640.00,"6,400.00",2024-03-14
308,HRL,2024031405000530,14,58,40.00,640.00,"25,600.00",2024-03-14
309,HRL,2024031405000531,59,58,40.00,640.00,"25,600.00",2024-03-14
310,HRL,2024031405000532,33,58,210.00,640.00,"134,400.00",2024-03-14
311,HRL,2024031405000533,77,58,30.00,640.00,"19,200.00",2024-03-14
312,HRL,2024031405000536,36,58,10.00,640.00,"6,400.00",2024-03-14
313,HRL,2024031405000543,1,58,165.00,640.00,"105,600.00",2024-03-14
314,HRL,2024031405000544,1,58,10.00,640.00,"6,400.00",2024-03-14
315,HRL,2024031405000556,86,44,10.00,641.00,"6,410.00",2024-03-14
316,HRL,2024031405000557,86,33,580.00,641.00,"371,780.00",2024-03-14
317,HRL,2024031405000558,86,52,10.00,641.00,"6,410.00",2024-03-14
318,HRL,2024031405000559,86,57,10.00,641.00,"6,410.00",2024-03-14
319,HRL,2024031405000560,86,54,10.00,641.00,"6,410.00",2024-03-14
320,HRL,2024031405000561,1,58,10.00,639.10,"6,391.00",2024-03-14
321,HRL,2024031405000564,49,58,10.00,640.00,"6,400.00",2024-03-14
322,HRL,2024031405000567,1,55,20.00,639.10,"12,782.00",2024-03-14
323,HRL,2024031405000569,59,57,10.00,640.00,"6,400.00",2024-03-14
324,HRL,2024031405000570,59,44,10.00,640.00,"6,400.00",2024-03-14
325,HRL,2024031405000571,59,45,480.00,640.00,"307,200.00",2024-03-14
326,HRL,2024031405000573,52,45,500.00,640.00,"320,000.00",2024-03-14
327,HRL,2024031405000577,1,45,700.00,640.00,"448,000.00",2024-03-14
328,HRL,2024031405000581,41,45,60.00,640.00,"38,400.00",2024-03-14
329,HRL,2024031405000582,1,51,20.00,639.10,"12,782.00",2024-03-14
330,HRL,2024031405000586,1,50,20.00,639.10,"12,782.00",2024-03-14
331,HRL,2024031405000589,1,45,700.00,640.00,"448,000.00",2024-03-14
332,HRL,2024031405000593,1,8,50.00,639.10,"31,955.00",2024-03-14
333,HRL,2024031405000597,1,21,10.00,639.10,"6,391.00",2024-03-14
334,HRL,2024031405000598,1,58,10.00,639.10,"6,391.00",2024-03-14
335,HRL,2024031405000599,1,70,385.00,639.10,"246,053.50",2024-03-14
336,HRL,2024031405000600,50,70,115.00,639.00,"73,485.00",2024-03-14
337,HRL,2024031405000601,50,40,20.00,639.00,"12,780.00",2024-03-14
338,HRL,2024031405000602,59,50,40.00,639.20,"25,568.00",2024-03-14
339,HRL,2024031405000603,50,50,160.00,639.00,"102,240.00",2024-03-14
340,HRL,2024031405000604,38,34,100.00,639.10,"63,910.00",2024-03-14
341,HRL,2024031405000605,50,34,100.00,639.00,"63,900.00",2024-03-14
342,HRL,2024031405000607,50,14,10.00,639.00,"6,390.00",2024-03-14
343,HRL,2024031405000609,58,10,23.00,639.90,"14,717.70",2024-03-14
344,HRL,2024031405000610,50,58,10.00,639.00,"6,390.00",2024-03-14
345,HRL,2024031405000611,32,45,60.00,640.00,"38,400.00",2024-03-14
346,HRL,2024031405000612,32,32,300.00,640.00,"192,000.00",2024-03-14
347,HRL,2024031405000613,32,55,20.00,640.00,"12,800.00",2024-03-14
348,HRL,2024031405000614,32,49,10.00,640.00,"6,400.00",2024-03-14
349,HRL,2024031405000615,32,59,20.00,640.00,"12,800.00",2024-03-14
350,HRL,2024031405000616,32,45,190.00,640.00,"121,600.00",2024-03-14
351,HRL,2024031405000618,1,45,67.00,640.00,"42,880.00",2024-03-14
352,HRL,2024031405000619,1,53,10.00,640.00,"6,400.00",2024-03-14
353,HRL,2024031405000620,1,14,360.00,640.00,"230,400.00",2024-03-14
354,HRL,2024031405000621,1,25,20.00,640.00,"12,800.00",2024-03-14
355,HRL,2024031405000622,1,35,10.00,640.00,"6,400.00",2024-03-14
356,HRL,2024031405000623,1,25,30.00,640.00,"19,200.00",2024-03-14
357,HRL,2024031405000626,1,21,10.00,640.00,"6,400.00",2024-03-14
358,HRL,2024031405000627,1,21,400.00,640.00,"256,000.00",2024-03-14
359,HRL,2024031405000628,1,95,20.00,640.00,"12,800.00",2024-03-14
360,HRL,2024031405000629,1,19,10.00,640.00,"6,400.00",2024-03-14
361,HRL,2024031405000630,39,42,10.00,641.90,"6,419.00",2024-03-14
362,HRL,2024031405000631,39,16,16.00,641.90,"10,270.40",2024-03-14
363,HRL,2024031405000632,1,58,10.00,640.00,"6,400.00",2024-03-14
364,HRL,2024031405000633,1,57,30.00,640.00,"19,200.00",2024-03-14
365,HRL,2024031405000634,1,43,10.00,640.00,"6,400.00",2024-03-14
366,HRL,2024031405000635,1,14,10.00,640.00,"6,400.00",2024-03-14
367,HRL,2024031405000636,10,14,10.00,640.00,"6,400.00",2024-03-14
368,HRL,2024031405000639,10,14,20.00,640.00,"12,800.00",2024-03-14
369,HRL,2024031405000644,10,49,10.00,640.00,"6,400.00",2024-03-14
370,HRL,2024031405000645,66,22,20.00,641.00,"12,820.00",2024-03-14
371,HRL,2024031405000646,66,16,184.00,641.90,"118,109.60",2024-03-14
372,HRL,2024031405000647,66,19,10.00,642.00,"6,420.00",2024-03-14
373,HRL,2024031405000648,66,6,10.00,642.00,"6,420.00",2024-03-14
374,HRL,2024031405000649,66,52,32.00,642.00,"20,544.00",2024-03-14
375,HRL,2024031405000650,66,22,10.00,642.00,"6,420.00",2024-03-14
376,HRL,2024031405000651,66,38,20.00,642.00,"12,840.00",2024-03-14
377,HRL,2024031405000654,66,22,10.00,641.00,"6,410.00",2024-03-14
378,HRL,2024031405000655,66,48,10.00,641.00,"6,410.00",2024-03-14
379,HRL,2024031405000656,66,49,20.00,642.00,"12,840.00",2024-03-14
380,HRL,2024031405000657,66,44,10.00,642.00,"6,420.00",2024-03-14
381,HRL,2024031405000658,66,22,10.00,642.00,"6,420.00",2024-03-14
382,HRL,2024031405000659,66,58,20.00,642.00,"12,840.00",2024-03-14
383,HRL,2024031405000660,66,55,210.00,642.00,"134,820.00",2024-03-14
384,HRL,2024031405000665,10,34,10.00,640.00,"6,400.00",2024-03-14
385,HRL,2024031405000666,45,34,10.00,640.00,"6,400.00",2024-03-14
386,HRL,2024031405000668,66,38,10.00,641.00,"6,410.00",2024-03-14
387,HRL,2024031405000669,66,55,260.00,642.00,"166,920.00",2024-03-14
388,HRL,2024031405000671,39,54,20.00,640.10,"12,802.00",2024-03-14
389,HRL,2024031405000672,39,56,20.00,641.00,"12,820.00",2024-03-14
390,HRL,2024031405000673,39,55,235.00,642.00,"150,870.00",2024-03-14
391,HRL,2024031405000676,14,22,20.00,641.00,"12,820.00",2024-03-14
392,HRL,2024031405000677,14,6,20.00,641.00,"12,820.00",2024-03-14
393,HRL,2024031405000685,66,55,285.00,642.00,"182,970.00",2024-03-14
394,HRL,2024031405000686,14,38,10.00,641.00,"6,410.00",2024-03-14
395,HRL,2024031405000692,14,58,20.00,641.00,"12,820.00",2024-03-14
396,HRL,2024031405000693,46,55,10.00,642.00,"6,420.00",2024-03-14
397,HRL,2024031405000694,46,58,10.00,642.00,"6,420.00",2024-03-14
398,HRL,2024031405000696,66,38,10.00,641.50,"6,415.00",2024-03-14
399,HRL,2024031405000697,66,32,20.00,642.00,"12,840.00",2024-03-14
400,HRL,2024031405000698,66,58,10.00,642.00,"6,420.00",2024-03-14
401,HRL,2024031405000699,66,55,230.00,642.00,"147,660.00",2024-03-14
402,HRL,2024031405000700,14,6,20.00,641.00,"12,820.00",2024-03-14
403,HRL,2024031405000701,14,56,10.00,641.00,"6,410.00",2024-03-14
404,HRL,2024031405000702,50,55,85.00,642.00,"54,570.00",2024-03-14
405,HRL,2024031405000704,39,55,210.00,642.00,"134,820.00",2024-03-14
406,HRL,2024031405000709,39,55,80.00,642.00,"51,360.00",2024-03-14
407,HRL,2024031405000726,39,41,10.00,640.10,"6,401.00",2024-03-14
408,HRL,2024031405000732,39,57,20.00,640.10,"12,802.00",2024-03-14
409,HRL,2024031405000745,39,28,69.00,640.10,"44,166.90",2024-03-14
410,HRL,2024031405000746,1,28,81.00,640.10,"51,848.10",2024-03-14
411,HRL,2024031405000747,1,58,10.00,640.10,"6,401.00",2024-03-14
412,HRL,2024031405000748,38,57,30.00,641.00,"19,230.00",2024-03-14
413,HRL,2024031405000749,38,38,20.00,641.00,"12,820.00",2024-03-14
414,HRL,2024031405000752,49,55,20.00,642.00,"12,840.00",2024-03-14
415,HRL,2024031405000754,49,55,25.00,642.00,"16,050.00",2024-03-14
416,HRL,2024031405000756,38,34,10.00,641.00,"6,410.00",2024-03-14
417,HRL,2024031405000757,38,6,10.00,641.00,"6,410.00",2024-03-14
418,HRL,2024031405000760,38,49,10.00,641.00,"6,410.00",2024-03-14
419,HRL,2024031405000764,38,25,10.00,641.00,"6,410.00",2024-03-14
420,HRL,2024031405000766,38,49,20.00,641.00,"12,820.00",2024-03-14
421,HRL,2024031405000770,39,45,10.00,641.10,"6,411.00",2024-03-14
422,HRL,2024031405000771,39,42,10.00,641.10,"6,411.00",2024-03-14
423,HRL,2024031405000772,39,35,10.00,641.10,"6,411.00",2024-03-14
424,HRL,2024031405000773,39,4,10.00,641.10,"6,411.00",2024-03-14
425,HRL,2024031405000781,55,56,20.00,641.50,"12,830.00",2024-03-14
426,HRL,2024031405000783,36,58,10.00,641.80,"6,418.00",2024-03-14
427,HRL,2024031405000784,36,7,10.00,641.90,"6,419.00",2024-03-14
428,HRL,2024031405000785,36,55,350.00,642.00,"224,700.00",2024-03-14
429,HRL,2024031405000786,36,58,40.00,642.00,"25,680.00",2024-03-14
430,HRL,2024031405000787,36,6,10.00,642.00,"6,420.00",2024-03-14
431,HRL,2024031405000788,36,6,10.00,642.00,"6,420.00",2024-03-14
432,HRL,2024031405000789,36,19,10.00,642.00,"6,420.00",2024-03-14
433,HRL,2024031405000790,36,58,10.00,642.00,"6,420.00",2024-03-14
434,HRL,2024031405000791,36,55,"1,000.00",642.00,"642,000.00",2024-03-14
435,HRL,2024031405000792,36,52,20.00,642.00,"12,840.00",2024-03-14
436,HRL,2024031405000793,36,56,20.00,642.00,"12,840.00",2024-03-14
437,HRL,2024031405000794,36,43,20.00,642.00,"12,840.00",2024-03-14
438,HRL,2024031405000795,36,36,20.00,642.00,"12,840.00",2024-03-14
439,HRL,2024031405000796,36,45,20.00,642.00,"12,840.00",2024-03-14
440,HRL,2024031405000797,36,42,20.00,642.00,"12,840.00",2024-03-14
441,HRL,2024031405000798,36,58,50.00,642.00,"32,100.00",2024-03-14
442,HRL,2024031405000799,36,46,10.00,642.00,"6,420.00",2024-03-14
443,HRL,2024031405000800,36,34,10.00,642.00,"6,420.00",2024-03-14
444,HRL,2024031405000801,36,47,10.00,642.00,"6,420.00",2024-03-14
445,HRL,2024031405000807,58,49,30.00,643.00,"19,290.00",2024-03-14
446,HRL,2024031405000808,58,44,10.00,643.00,"6,430.00",2024-03-14
447,HRL,2024031405000810,39,35,10.00,642.10,"6,421.00",2024-03-14
448,HRL,2024031405000811,39,8,30.00,642.10,"19,263.00",2024-03-14
449,HRL,2024031405000813,39,6,10.00,642.10,"6,421.00",2024-03-14
450,HRL,2024031405000816,39,58,10.00,642.10,"6,421.00",2024-03-14
451,HRL,2024031405000818,39,38,10.00,642.10,"6,421.00",2024-03-14
452,HRL,2024031405000829,39,67,90.00,642.10,"57,789.00",2024-03-14
453,HRL,2024031405000830,29,67,50.00,642.10,"32,105.00",2024-03-14
454,HRL,2024031405000831,36,67,350.00,642.00,"224,700.00",2024-03-14
455,HRL,2024031405000850,72,67,10.00,642.00,"6,420.00",2024-03-14
456,HRL,2024031405000851,72,42,10.00,642.10,"6,421.00",2024-03-14
457,HRL,2024031405000852,72,58,10.00,642.10,"6,421.00",2024-03-14
458,HRL,2024031405000853,72,32,10.00,642.10,"6,421.00",2024-03-14
459,HRL,2024031405000854,72,55,10.00,642.50,"6,425.00",2024-03-14
460,HRL,2024031405000855,72,45,10.00,643.00,"6,430.00",2024-03-14
461,HRL,2024031405000856,72,35,10.00,643.00,"6,430.00",2024-03-14
462,HRL,2024031405000857,72,35,10.00,643.00,"6,430.00",2024-03-14
463,HRL,2024031405000858,72,58,10.00,643.00,"6,430.00",2024-03-14
464,HRL,2024031405000859,72,38,10.00,643.00,"6,430.00",2024-03-14
465,HRL,2024031405000861,32,17,10.00,641.10,"6,411.00",2024-03-14
466,HRL,2024031405000866,13,38,10.00,643.00,"6,430.00",2024-03-14
467,HRL,2024031405000868,1,58,10.00,642.00,"6,420.00",2024-03-14
468,HRL,2024031405000869,1,58,10.00,642.00,"6,420.00",2024-03-14
469,HRL,2024031405000881,32,36,10.00,643.00,"6,430.00",2024-03-14
470,HRL,2024031405000882,32,35,10.00,643.00,"6,430.00",2024-03-14
471,HRL,2024031405000883,32,18,100.00,644.00,"64,400.00",2024-03-14
472,HRL,2024031405000884,32,58,20.00,644.00,"12,880.00",2024-03-14
473,HRL,2024031405000885,32,57,10.00,644.00,"6,440.00",2024-03-14
474,HRL,2024031405000886,32,55,350.00,644.00,"225,400.00",2024-03-14
475,HRL,2024031405000890,39,55,32.00,644.00,"20,608.00",2024-03-14
476,HRL,2024031405000897,25,29,20.00,642.00,"12,840.00",2024-03-14
477,HRL,2024031405000901,39,55,23.00,644.00,"14,812.00",2024-03-14
478,HRL,2024031405000902,25,37,10.00,642.00,"6,420.00",2024-03-14
479,HRL,2024031405000903,25,41,10.00,642.00,"6,420.00",2024-03-14
480,HRL,2024031405000908,39,55,67.00,644.00,"43,148.00",2024-03-14
481,HRL,2024031405000909,42,92,30.00,642.10,"19,263.00",2024-03-14
482,HRL,2024031405000911,42,45,40.00,642.10,"25,684.00",2024-03-14
483,HRL,2024031405000914,39,57,55.00,643.00,"35,365.00",2024-03-14
484,HRL,2024031405000915,39,57,42.00,642.20,"26,972.40",2024-03-14
485,HRL,2024031405000916,42,57,130.00,642.10,"83,473.00",2024-03-14
486,HRL,2024031405000917,25,57,60.00,642.00,"38,520.00",2024-03-14
487,HRL,2024031405000921,45,59,10.00,642.00,"6,420.00",2024-03-14
488,HRL,2024031405000923,45,83,50.00,642.00,"32,100.00",2024-03-14
489,HRL,2024031405000924,49,83,100.00,642.00,"64,200.00",2024-03-14
490,HRL,2024031405000925,38,83,100.00,642.00,"64,200.00",2024-03-14
491,HRL,2024031405000926,42,83,305.00,642.00,"195,810.00",2024-03-14
492,HRL,2024031405000929,45,57,10.00,641.20,"6,412.00",2024-03-14
493,HRL,2024031405000930,42,83,50.00,642.00,"32,100.00",2024-03-14
494,HRL,2024031405000935,45,28,190.00,641.20,"121,828.00",2024-03-14
495,HRL,2024031405000936,42,28,10.00,641.10,"6,411.00",2024-03-14
496,HRL,2024031405000941,42,16,311.00,641.10,"199,382.10",2024-03-14
497,HRL,2024031405000942,38,16,390.00,641.00,"249,990.00",2024-03-14
498,HRL,2024031405000943,57,16,500.00,641.00,"320,500.00",2024-03-14
499,HRL,2024031405000944,17,38,20.00,640.30,"12,806.00",2024-03-14
500,HRL,2024031405000949,17,34,180.00,640.30,"115,254.00",2024-03-14
501,HRL,2024031405000950,25,34,100.00,640.20,"64,020.00",2024-03-14
502,HRL,2024031405000951,1,34,409.00,640.20,"261,841.80",2024-03-14
503,HRL,2024031405000952,1,34,700.00,640.10,"448,070.00",2024-03-14
504,HRL,2024031405000953,8,34,20.00,640.00,"12,800.00",2024-03-14
505,HRL,2024031405000954,42,34,300.00,640.00,"192,000.00",2024-03-14
506,HRL,2024031405000955,42,34,300.00,640.00,"192,000.00",2024-03-14
507,HRL,2024031405000956,4,34,11.00,640.00,"7,040.00",2024-03-14
508,HRL,2024031405000962,26,16,10.00,641.00,"6,410.00",2024-03-14
509,HRL,2024031405000963,4,42,10.00,640.00,"6,400.00",2024-03-14
510,HRL,2024031405000970,4,38,20.00,640.00,"12,800.00",2024-03-14
511,HRL,2024031405000972,4,16,19.00,640.00,"12,160.00",2024-03-14
512,HRL,2024031405000973,25,16,50.00,640.00,"32,000.00",2024-03-14
513,HRL,2024031405000974,21,16,100.00,640.00,"64,000.00",2024-03-14
514,HRL,2024031405000975,59,16,700.00,640.00,"448,000.00",2024-03-14
515,HRL,2024031405000976,48,16,25.00,640.00,"16,000.00",2024-03-14
516,HRL,2024031405000982,35,4,10.00,639.10,"6,391.00",2024-03-14
517,HRL,2024031405000983,35,1,40.00,639.10,"25,564.00",2024-03-14
518,HRL,2024031405000984,51,1,10.00,639.10,"6,391.00",2024-03-14
519,HRL,2024031405000985,51,16,96.00,640.00,"61,440.00",2024-03-14
520,HRL,2024031405000986,21,38,20.00,639.00,"12,780.00",2024-03-14
521,HRL,2024031405000987,21,58,10.00,639.00,"6,390.00",2024-03-14
522,HRL,2024031405000989,32,16,10.00,640.00,"6,400.00",2024-03-14
523,HRL,2024031405000990,32,65,50.00,640.00,"32,000.00",2024-03-14
524,HRL,2024031405000991,21,70,70.00,639.00,"44,730.00",2024-03-14
525,HRL,2024031405000992,58,70,20.00,639.00,"12,780.00",2024-03-14
526,HRL,2024031405000993,13,70,410.00,639.00,"261,990.00",2024-03-14
527,HRL,2024031405000994,13,45,10.00,639.00,"6,390.00",2024-03-14
528,HRL,2024031405000995,13,35,10.00,639.00,"6,390.00",2024-03-14
529,HRL,2024031405000996,13,38,20.00,639.00,"12,780.00",2024-03-14
530,HRL,2024031405001004,13,59,10.00,639.00,"6,390.00",2024-03-14
531,HRL,2024031405001005,13,43,40.00,639.00,"25,560.00",2024-03-14
532,HRL,2024031405001006,17,43,10.00,639.00,"6,390.00",2024-03-14
533,HRL,2024031405001007,17,57,10.00,639.00,"6,390.00",2024-03-14
534,HRL,2024031405001025,17,49,10.00,639.00,"6,390.00",2024-03-14
535,HRL,2024031405001027,19,8,60.00,638.80,"38,328.00",2024-03-14
536,HRL,2024031405001028,62,42,20.00,639.00,"12,780.00",2024-03-14
537,HRL,2024031405001029,19,28,300.00,638.80,"191,640.00",2024-03-14
538,HRL,2024031405001035,19,42,20.00,638.80,"12,776.00",2024-03-14
539,HRL,2024031405001043,65,42,30.00,639.00,"19,170.00",2024-03-14
540,HRL,2024031405001051,19,45,20.00,638.80,"12,776.00",2024-03-14
541,HRL,2024031405001053,21,32,10.00,639.30,"6,393.00",2024-03-14
542,HRL,2024031405001068,21,35,10.00,639.30,"6,393.00",2024-03-14
543,HRL,2024031405001074,21,42,30.00,639.30,"19,179.00",2024-03-14
544,HRL,2024031405001076,21,17,10.00,639.30,"6,393.00",2024-03-14
545,HRL,2024031405001080,21,34,20.00,639.30,"12,786.00",2024-03-14
546,HRL,2024031405001086,45,17,100.00,639.00,"63,900.00",2024-03-14
547,HRL,2024031405001087,54,17,30.00,639.00,"19,170.00",2024-03-14
548,HRL,2024031405001088,54,26,20.00,639.00,"12,780.00",2024-03-14
549,HRL,2024031405001092,41,26,60.00,639.00,"38,340.00",2024-03-14
550,HRL,2024031405001099,35,26,20.00,639.00,"12,780.00",2024-03-14
551,HRL,2024031405001100,1,4,100.00,639.00,"63,900.00",2024-03-14
552,HRL,2024031405001101,1,45,10.00,639.00,"6,390.00",2024-03-14
553,HRL,2024031405001102,1,51,10.00,639.00,"6,390.00",2024-03-14
554,HRL,2024031405001103,1,42,10.00,639.00,"6,390.00",2024-03-14
555,HRL,2024031405001104,1,49,10.00,639.00,"6,390.00",2024-03-14
556,HRL,2024031405001108,1,54,10.00,639.00,"6,390.00",2024-03-14
557,HRL,2024031405001111,1,33,20.00,639.00,"12,780.00",2024-03-14
558,HRL,2024031405001112,50,52,8.00,626.60,"5,012.80",2024-03-14
559,HRL,2024031405001114,58,6,10.00,639.10,"6,391.00",2024-03-14
560,HRL,2024031405001115,35,34,10.00,639.30,"6,393.00",2024-03-14
561,HRL,2024031405001117,58,51,10.00,639.10,"6,391.00",2024-03-14
562,HRL,2024031405001118,1,51,10.00,639.00,"6,390.00",2024-03-14
563,HRL,2024031405001119,32,35,10.00,639.10,"6,391.00",2024-03-14
564,HRL,2024031405001120,32,6,20.00,639.50,"12,790.00",2024-03-14
565,HRL,2024031405001121,32,58,10.00,639.50,"6,395.00",2024-03-14
566,HRL,2024031405001122,32,58,10.00,639.50,"6,395.00",2024-03-14
567,HRL,2024031405001123,32,57,10.00,639.50,"6,395.00",2024-03-14
568,HRL,2024031405001124,1,36,100.00,639.00,"63,900.00",2024-03-14
569,HRL,2024031405001128,1,58,10.00,639.00,"6,390.00",2024-03-14
570,HRL,2024031405001129,1,36,10.00,639.00,"6,390.00",2024-03-14
571,HRL,2024031405001130,1,58,20.00,639.00,"12,780.00",2024-03-14
572,HRL,2024031405001132,1,35,10.00,639.00,"6,390.00",2024-03-14
573,HRL,2024031405001135,1,41,10.00,639.00,"6,390.00",2024-03-14
574,HRL,2024031405001138,35,43,10.00,639.90,"6,399.00",2024-03-14
575,HRL,2024031405001140,1,58,10.00,639.00,"6,390.00",2024-03-14
576,HRL,2024031405001142,52,43,40.00,639.90,"25,596.00",2024-03-14
577,HRL,2024031405001143,52,57,10.00,639.90,"6,399.00",2024-03-14
578,HRL,2024031405001144,52,42,10.00,639.90,"6,399.00",2024-03-14
579,HRL,2024031405001145,52,8,20.00,639.90,"12,798.00",2024-03-14
580,HRL,2024031405001146,52,35,10.00,639.90,"6,399.00",2024-03-14
581,HRL,2024031405001149,52,54,10.00,639.90,"6,399.00",2024-03-14
582,HRL,2024031405001153,1,84,10.00,639.00,"6,390.00",2024-03-14
583,HRL,2024031405001155,1,51,10.00,639.00,"6,390.00",2024-03-14
584,HRL,2024031405001156,1,22,10.00,639.00,"6,390.00",2024-03-14
585,HRL,2024031405001157,1,58,10.00,639.00,"6,390.00",2024-03-14
586,HRL,2024031405001158,1,34,10.00,639.00,"6,390.00",2024-03-14
587,HRL,2024031405001159,1,38,10.00,639.00,"6,390.00",2024-03-14
588,HRL,2024031405001160,1,56,20.00,639.00,"12,780.00",2024-03-14
589,HRL,2024031405001161,1,38,10.00,639.00,"6,390.00",2024-03-14
590,HRL,2024031405001162,1,7,20.00,639.00,"12,780.00",2024-03-14
591,HRL,2024031405001172,1,42,20.00,639.00,"12,780.00",2024-03-14
592,HRL,2024031405001176,38,3,10.00,639.10,"6,391.00",2024-03-14
593,HRL,2024031405001178,51,55,10.00,639.20,"6,392.00",2024-03-14
594,HRL,2024031405001179,51,49,20.00,639.20,"12,784.00",2024-03-14
595,HRL,2024031405001184,51,55,10.00,639.20,"6,392.00",2024-03-14
596,HRL,2024031405001186,36,44,10.00,640.00,"6,400.00",2024-03-14
597,HRL,2024031405001187,36,49,10.00,640.00,"6,400.00",2024-03-14
598,HRL,2024031405001188,36,58,10.00,640.00,"6,400.00",2024-03-14
599,HRL,2024031405001189,36,40,10.00,640.00,"6,400.00",2024-03-14
600,HRL,2024031405001190,36,34,10.00,640.00,"6,400.00",2024-03-14
601,HRL,2024031405001191,36,47,20.00,640.00,"12,800.00",2024-03-14
602,HRL,2024031405001192,36,47,20.00,640.00,"12,800.00",2024-03-14
603,HRL,2024031405001193,36,48,10.00,640.00,"6,400.00",2024-03-14
604,HRL,2024031405001194,36,58,20.00,640.00,"12,800.00",2024-03-14
605,HRL,2024031405001195,36,48,50.00,640.00,"32,000.00",2024-03-14
606,HRL,2024031405001196,36,8,10.00,640.00,"6,400.00",2024-03-14
607,HRL,2024031405001197,36,28,10.00,640.00,"6,400.00",2024-03-14
608,HRL,2024031405001198,36,35,10.00,640.00,"6,400.00",2024-03-14
609,HRL,2024031405001199,36,45,10.00,640.00,"6,400.00",2024-03-14
610,HRL,2024031405001200,36,45,10.00,640.00,"6,400.00",2024-03-14
611,HRL,2024031405001201,36,58,10.00,640.00,"6,400.00",2024-03-14
612,HRL,2024031405001202,36,21,10.00,640.00,"6,400.00",2024-03-14
613,HRL,2024031405001203,36,35,20.00,640.00,"12,800.00",2024-03-14
614,HRL,2024031405001204,36,58,20.00,640.00,"12,800.00",2024-03-14
615,HRL,2024031405001205,36,13,10.00,640.00,"6,400.00",2024-03-14
616,HRL,2024031405001206,36,58,10.00,640.00,"6,400.00",2024-03-14
617,HRL,2024031405001207,36,21,10.00,640.00,"6,400.00",2024-03-14
618,HRL,2024031405001208,36,77,20.00,640.00,"12,800.00",2024-03-14
619,HRL,2024031405001209,36,45,20.00,640.00,"12,800.00",2024-03-14
620,HRL,2024031405001210,36,58,10.00,640.00,"6,400.00",2024-03-14
621,HRL,2024031405001211,36,58,10.00,640.10,"6,401.00",2024-03-14
622,HRL,2024031405001212,36,16,789.00,641.00,"505,749.00",2024-03-14
623,HRL,2024031405001213,36,44,500.00,641.00,"320,500.00",2024-03-14
624,HRL,2024031405001214,36,1,20.00,641.00,"12,820.00",2024-03-14
625,HRL,2024031405001215,36,58,50.00,641.00,"32,050.00",2024-03-14
626,HRL,2024031405001216,36,55,271.00,641.00,"173,711.00",2024-03-14
627,HRL,2024031405001218,51,71,10.00,639.20,"6,392.00",2024-03-14
628,HRL,2024031405001230,51,34,10.00,639.20,"6,392.00",2024-03-14
629,HRL,2024031405001238,57,41,10.00,639.30,"6,393.00",2024-03-14
630,HRL,2024031405001248,29,56,10.00,639.40,"6,394.00",2024-03-14
631,HRL,2024031405001250,58,1,10.00,640.00,"6,400.00",2024-03-14
632,HRL,2024031405001252,29,45,30.00,639.40,"19,182.00",2024-03-14
633,HRL,2024031405001253,29,56,50.00,639.40,"31,970.00",2024-03-14
634,HRL,2024031405001254,45,51,10.00,640.00,"6,400.00",2024-03-14
635,HRL,2024031405001255,45,42,10.00,640.00,"6,400.00",2024-03-14
636,HRL,2024031405001256,45,59,10.00,640.00,"6,400.00",2024-03-14
637,HRL,2024031405001257,45,34,10.00,640.00,"6,400.00",2024-03-14
638,HRL,2024031405001258,45,42,10.00,640.00,"6,400.00",2024-03-14
639,HRL,2024031405001259,29,42,10.00,639.40,"6,394.00",2024-03-14
640,HRL,2024031405001264,22,8,10.00,640.00,"6,400.00",2024-03-14
641,HRL,2024031405001268,58,58,10.00,639.40,"6,394.00",2024-03-14
642,HRL,2024031405001270,58,51,10.00,639.40,"6,394.00",2024-03-14
643,HRL,2024031405001271,58,56,10.00,639.40,"6,394.00",2024-03-14
644,HRL,2024031405001272,58,45,20.00,639.40,"12,788.00",2024-03-14
645,HRL,2024031405001274,58,7,10.00,639.40,"6,394.00",2024-03-14
646,HRL,2024031405001275,38,49,10.00,640.00,"6,400.00",2024-03-14
647,HRL,2024031405001276,38,45,20.00,640.00,"12,800.00",2024-03-14
648,HRL,2024031405001277,38,49,10.00,640.00,"6,400.00",2024-03-14
649,HRL,2024031405001278,38,45,10.00,640.00,"6,400.00",2024-03-14
650,HRL,2024031405001279,38,55,10.00,640.50,"6,405.00",2024-03-14
651,HRL,2024031405001280,38,16,10.00,640.50,"6,405.00",2024-03-14
652,HRL,2024031405001281,38,55,729.00,641.00,"467,289.00",2024-03-14
653,HRL,2024031405001282,38,59,10.00,641.00,"6,410.00",2024-03-14
654,HRL,2024031405001283,38,54,10.00,641.00,"6,410.00",2024-03-14
655,HRL,2024031405001284,38,51,10.00,641.00,"6,410.00",2024-03-14
656,HRL,2024031405001285,38,21,10.00,641.00,"6,410.00",2024-03-14
657,HRL,2024031405001286,38,58,10.00,641.00,"6,410.00",2024-03-14
658,HRL,2024031405001287,38,49,20.00,641.00,"12,820.00",2024-03-14
659,HRL,2024031405001288,38,55,121.00,641.00,"77,561.00",2024-03-14
660,HRL,2024031405001290,58,46,10.00,639.40,"6,394.00",2024-03-14
661,HRL,2024031405001291,58,58,10.00,639.40,"6,394.00",2024-03-14
662,HRL,2024031405001293,58,38,10.00,639.40,"6,394.00",2024-03-14
663,HRL,2024031405001294,57,38,10.00,639.30,"6,393.00",2024-03-14
664,HRL,2024031405001295,57,6,10.00,639.30,"6,393.00",2024-03-14
665,HRL,2024031405001305,57,38,20.00,639.30,"12,786.00",2024-03-14
666,HRL,2024031405001316,57,10,10.00,639.30,"6,393.00",2024-03-14
667,HRL,2024031405001321,57,45,10.00,639.30,"6,393.00",2024-03-14
668,HRL,2024031405001325,57,57,10.00,639.30,"6,393.00",2024-03-14
669,HRL,2024031405001326,34,28,10.00,639.40,"6,394.00",2024-03-14
670,HRL,2024031405001329,34,49,10.00,639.40,"6,394.00",2024-03-14
671,HRL,2024031405001348,34,42,10.00,639.40,"6,394.00",2024-03-14
672,HRL,2024031405001349,34,45,40.00,639.40,"25,576.00",2024-03-14
673,HRL,2024031405001350,34,47,10.00,639.40,"6,394.00",2024-03-14
674,HRL,2024031405001351,36,49,10.00,640.00,"6,400.00",2024-03-14
675,HRL,2024031405001352,36,58,10.00,640.00,"6,400.00",2024-03-14
676,HRL,2024031405001353,36,38,10.00,640.00,"6,400.00",2024-03-14
677,HRL,2024031405001354,36,35,10.00,640.00,"6,400.00",2024-03-14
678,HRL,2024031405001355,36,58,50.00,640.00,"32,000.00",2024-03-14
679,HRL,2024031405001356,36,22,20.00,640.00,"12,800.00",2024-03-14
680,HRL,2024031405001357,36,21,20.00,640.00,"12,800.00",2024-03-14
681,HRL,2024031405001358,36,38,30.00,640.00,"19,200.00",2024-03-14
682,HRL,2024031405001359,36,48,20.00,640.00,"12,800.00",2024-03-14
683,HRL,2024031405001360,36,17,400.00,640.00,"256,000.00",2024-03-14
684,HRL,2024031405001361,36,50,30.00,640.00,"19,200.00",2024-03-14
685,HRL,2024031405001362,36,89,100.00,640.90,"64,090.00",2024-03-14
686,HRL,2024031405001363,36,58,20.00,641.00,"12,820.00",2024-03-14
687,HRL,2024031405001364,36,55,270.00,641.00,"173,070.00",2024-03-14
688,HRL,2024031405001365,42,35,10.00,640.00,"6,400.00",2024-03-14
689,HRL,2024031405001370,34,51,10.00,639.40,"6,394.00",2024-03-14
690,HRL,2024031405001371,34,58,10.00,639.40,"6,394.00",2024-03-14
691,HRL,2024031405001372,34,49,10.00,639.40,"6,394.00",2024-03-14
692,HRL,2024031405001377,34,41,10.00,639.40,"6,394.00",2024-03-14
693,HRL,2024031405001380,57,34,20.00,639.30,"12,786.00",2024-03-14
694,HRL,2024031405001381,57,56,10.00,639.30,"6,393.00",2024-03-14
695,HRL,2024031405001382,57,49,10.00,639.30,"6,393.00",2024-03-14
696,HRL,2024031405001383,57,36,500.00,639.30,"319,650.00",2024-03-14
697,HRL,2024031405001384,6,35,10.00,640.00,"6,400.00",2024-03-14
698,HRL,2024031405001385,89,29,20.00,639.50,"12,790.00",2024-03-14
699,HRL,2024031405001386,89,35,10.00,639.50,"6,395.00",2024-03-14
700,HRL,2024031405001387,89,58,10.00,640.00,"6,400.00",2024-03-14
701,HRL,2024031405001388,89,58,10.00,640.00,"6,400.00",2024-03-14
702,HRL,2024031405001389,89,55,10.00,640.00,"6,400.00",2024-03-14
703,HRL,2024031405001390,89,28,140.00,640.00,"89,600.00",2024-03-14
704,HRL,2024031405001391,57,21,10.00,639.30,"6,393.00",2024-03-14
705,HRL,2024031405001393,57,57,20.00,639.30,"12,786.00",2024-03-14
706,HRL,2024031405001394,57,58,10.00,639.30,"6,393.00",2024-03-14
707,HRL,2024031405001395,57,58,10.00,639.30,"6,393.00",2024-03-14
708,HRL,2024031405001399,57,35,10.00,639.30,"6,393.00",2024-03-14
709,HRL,2024031405001401,40,28,30.00,640.00,"19,200.00",2024-03-14
710,HRL,2024031405001402,57,49,10.00,639.30,"6,393.00",2024-03-14
711,HRL,2024031405001403,57,35,10.00,639.30,"6,393.00",2024-03-14
712,HRL,2024031405001411,57,49,20.00,639.30,"12,786.00",2024-03-14
713,HRL,2024031405001414,57,21,20.00,639.30,"12,786.00",2024-03-14
714,HRL,2024031405001415,57,58,10.00,639.30,"6,393.00",2024-03-14
715,HRL,2024031405001416,57,89,90.00,639.30,"57,537.00",2024-03-14
716,HRL,2024031405001419,57,6,20.00,639.30,"12,786.00",2024-03-14
717,HRL,2024031405001420,35,28,30.00,640.00,"19,200.00",2024-03-14
718,HRL,2024031405001421,35,6,10.00,640.00,"6,400.00",2024-03-14
719,HRL,2024031405001422,35,49,10.00,640.00,"6,400.00",2024-03-14
720,HRL,2024031405001423,35,56,10.00,640.00,"6,400.00",2024-03-14
721,HRL,2024031405001424,35,41,40.00,640.00,"25,600.00",2024-03-14
722,HRL,2024031405001425,57,29,10.00,639.30,"6,393.00",2024-03-14
723,HRL,2024031405001427,57,89,50.00,639.30,"31,965.00",2024-03-14
724,HRL,2024031405001429,57,22,10.00,639.30,"6,393.00",2024-03-14
725,HRL,2024031405001430,57,26,10.00,639.30,"6,393.00",2024-03-14
726,HRL,2024031405001431,57,21,10.00,639.30,"6,393.00",2024-03-14
727,HRL,2024031405001432,57,58,50.00,639.30,"31,965.00",2024-03-14
728,HRL,2024031405001433,58,58,30.00,639.30,"19,179.00",2024-03-14
729,HRL,2024031405001436,58,46,20.00,639.30,"12,786.00",2024-03-14
730,HRL,2024031405001439,58,49,10.00,639.30,"6,393.00",2024-03-14
731,HRL,2024031405001440,58,38,20.00,639.30,"12,786.00",2024-03-14
732,HRL,2024031405001449,58,22,105.00,639.40,"67,137.00",2024-03-14
733,HRL,2024031405001453,21,57,50.00,639.50,"31,975.00",2024-03-14
734,HRL,2024031405001457,21,13,10.00,639.50,"6,395.00",2024-03-14
735,HRL,2024031405001465,21,62,20.00,639.50,"12,790.00",2024-03-14
736,HRL,2024031405001466,21,58,170.00,639.50,"108,715.00",2024-03-14
737,HRL,2024031405001467,58,58,30.00,639.40,"19,182.00",2024-03-14
738,HRL,2024031405001468,58,49,10.00,639.40,"6,394.00",2024-03-14
739,HRL,2024031405001469,58,84,10.00,639.40,"6,394.00",2024-03-14
740,HRL,2024031405001470,58,57,10.00,639.40,"6,394.00",2024-03-14
741,HRL,2024031405001471,58,47,20.00,639.30,"12,786.00",2024-03-14
742,HRL,2024031405001472,42,47,200.00,639.20,"127,840.00",2024-03-14
743,HRL,2024031405001473,46,47,760.00,639.20,"485,792.00",2024-03-14
744,HRL,2024031405001475,46,38,240.00,639.20,"153,408.00",2024-03-14
745,HRL,2024031405001476,58,38,10.00,639.10,"6,391.00",2024-03-14
746,HRL,2024031405001477,1,38,20.00,639.00,"12,780.00",2024-03-14
747,HRL,2024031405001478,37,38,250.00,639.00,"159,750.00",2024-03-14
748,HRL,2024031405001479,37,38,500.00,639.00,"319,500.00",2024-03-14
749,HRL,2024031405001480,55,38,480.00,639.00,"306,720.00",2024-03-14
750,HRL,2024031405001481,55,38,10.00,639.00,"6,390.00",2024-03-14
751,HRL,2024031405001486,39,58,10.00,639.40,"6,394.00",2024-03-14
752,HRL,2024031405001487,39,49,10.00,639.40,"6,394.00",2024-03-14
753,HRL,2024031405001492,58,43,20.00,639.50,"12,790.00",2024-03-14
754,HRL,2024031405001493,55,47,"1,000.00",639.00,"639,000.00",2024-03-14
755,HRL,2024031405001495,55,58,20.00,639.00,"12,780.00",2024-03-14
756,HRL,2024031405001503,45,45,20.00,639.00,"12,780.00",2024-03-14
757,HRL,2024031405001506,54,41,10.00,639.00,"6,390.00",2024-03-14
758,HRL,2024031405001508,54,45,10.00,639.00,"6,390.00",2024-03-14
759,HRL,2024031405001509,19,45,10.00,638.80,"6,388.00",2024-03-14
760,HRL,2024031405001512,57,32,10.00,639.00,"6,390.00",2024-03-14
761,HRL,2024031405001513,19,59,10.00,638.80,"6,388.00",2024-03-14
762,HRL,2024031405001514,19,45,20.00,638.80,"12,776.00",2024-03-14
763,HRL,2024031405001517,19,55,60.00,638.80,"38,328.00",2024-03-14
764,HRL,2024031405001519,71,45,30.00,638.70,"19,161.00",2024-03-14
765,HRL,2024031405001520,71,8,10.00,638.70,"6,387.00",2024-03-14
766,HRL,2024031405001522,71,55,460.00,638.70,"293,802.00",2024-03-14
767,HRL,2024031405001525,17,55,50.00,638.20,"31,910.00",2024-03-14
768,HRL,2024031405001526,36,55,30.00,638.00,"19,140.00",2024-03-14
769,HRL,2024031405001527,36,43,30.00,638.00,"19,140.00",2024-03-14
770,HRL,2024031405001528,36,16,829.00,638.00,"528,902.00",2024-03-14
771,HRL,2024031405001529,6,16,10.00,638.00,"6,380.00",2024-03-14
772,HRL,2024031405001530,7,16,20.00,638.00,"12,760.00",2024-03-14
773,HRL,2024031405001531,34,16,200.00,638.00,"127,600.00",2024-03-14
774,HRL,2024031405001532,17,16,10.00,638.00,"6,380.00",2024-03-14
775,HRL,2024031405001533,22,16,10.00,638.00,"6,380.00",2024-03-14
776,HRL,2024031405001534,45,16,100.00,638.00,"63,800.00",2024-03-14
777,HRL,2024031405001535,58,16,15.00,638.00,"9,570.00",2024-03-14
778,HRL,2024031405001536,21,16,100.00,638.00,"63,800.00",2024-03-14
779,HRL,2024031405001537,38,16,50.00,638.00,"31,900.00",2024-03-14
780,HRL,2024031405001538,42,16,656.00,638.00,"418,528.00",2024-03-14
781,HRL,2024031405001541,42,42,10.00,638.00,"6,380.00",2024-03-14
782,HRL,2024031405001542,42,32,20.00,638.00,"12,760.00",2024-03-14
783,HRL,2024031405001543,42,26,20.00,638.00,"12,760.00",2024-03-14
784,HRL,2024031405001544,42,45,20.00,638.00,"12,760.00",2024-03-14
785,HRL,2024031405001545,42,56,11.00,638.00,"7,018.00",2024-03-14
786,HRL,2024031405001546,53,57,10.00,638.00,"6,380.00",2024-03-14
787,HRL,2024031405001551,17,43,10.00,637.50,"6,375.00",2024-03-14
788,HRL,2024031405001555,17,35,30.00,637.50,"19,125.00",2024-03-14
789,HRL,2024031405001556,17,42,20.00,637.50,"12,750.00",2024-03-14
790,HRL,2024031405001564,17,19,10.00,637.50,"6,375.00",2024-03-14
791,HRL,2024031405001565,17,4,10.00,637.50,"6,375.00",2024-03-14
792,HRL,2024031405001566,17,21,20.00,637.50,"12,750.00",2024-03-14
793,HRL,2024031405001567,49,21,10.00,637.50,"6,375.00",2024-03-14
794,HRL,2024031405001570,49,55,10.00,637.50,"6,375.00",2024-03-14
795,HRL,2024031405001571,36,26,10.00,637.10,"6,371.00",2024-03-14
796,HRL,2024031405001576,36,46,20.00,637.10,"12,742.00",2024-03-14
797,HRL,2024031405001577,36,49,10.00,637.10,"6,371.00",2024-03-14
798,HRL,2024031405001578,36,35,10.00,637.10,"6,371.00",2024-03-14
799,HRL,2024031405001579,36,35,20.00,637.10,"12,742.00",2024-03-14
800,HRL,2024031405001582,36,43,30.00,637.10,"19,113.00",2024-03-14
801,HRL,2024031405001583,36,52,20.00,637.10,"12,742.00",2024-03-14
802,HRL,2024031405001586,36,17,20.00,637.10,"12,742.00",2024-03-14
803,HRL,2024031405001587,36,32,10.00,637.00,"6,370.00",2024-03-14
804,HRL,2024031405001588,36,17,20.00,637.00,"12,740.00",2024-03-14
805,HRL,2024031405001589,36,58,10.00,637.00,"6,370.00",2024-03-14
806,HRL,2024031405001590,36,18,18.00,637.00,"11,466.00",2024-03-14
807,HRL,2024031405001592,36,26,10.00,637.00,"6,370.00",2024-03-14
808,HRL,2024031405001597,36,17,20.00,637.00,"12,740.00",2024-03-14
809,HRL,2024031405001599,36,16,10.00,637.00,"6,370.00",2024-03-14
810,HRL,2024031405001600,46,34,70.00,637.00,"44,590.00",2024-03-14
811,HRL,2024031405001601,42,34,30.00,637.00,"19,110.00",2024-03-14
812,HRL,2024031405001602,42,35,10.00,637.00,"6,370.00",2024-03-14
813,HRL,2024031405001604,42,58,10.00,637.00,"6,370.00",2024-03-14
814,HRL,2024031405001605,34,4,30.00,637.00,"19,110.00",2024-03-14
815,HRL,2024031405001606,34,49,10.00,637.00,"6,370.00",2024-03-14
816,HRL,2024031405001607,34,45,10.00,637.00,"6,370.00",2024-03-14
817,HRL,2024031405001623,55,35,10.00,637.50,"6,375.00",2024-03-14
818,HRL,2024031405001624,34,58,150.00,637.00,"95,550.00",2024-03-14
819,HRL,2024031405001625,42,58,40.00,637.00,"25,480.00",2024-03-14
820,HRL,2024031405001626,58,34,10.00,636.50,"6,365.00",2024-03-14
821,HRL,2024031405001627,76,34,40.00,636.30,"25,452.00",2024-03-14
822,HRL,2024031405001629,76,38,10.00,636.30,"6,363.00",2024-03-14
823,HRL,2024031405001634,76,38,10.00,636.30,"6,363.00",2024-03-14
824,HRL,2024031405001635,48,49,10.00,636.20,"6,362.00",2024-03-14
825,HRL,2024031405001637,48,38,94.00,636.20,"59,802.80",2024-03-14
826,HRL,2024031405001638,6,38,50.00,636.20,"31,810.00",2024-03-14
827,HRL,2024031405001639,1,38,92.00,636.20,"58,530.40",2024-03-14
828,HRL,2024031405001642,56,3,10.00,636.30,"6,363.00",2024-03-14
829,HRL,2024031405001643,56,58,10.00,636.30,"6,363.00",2024-03-14
830,HRL,2024031405001644,56,35,20.00,636.30,"12,726.00",2024-03-14
831,HRL,2024031405001645,56,51,20.00,636.30,"12,726.00",2024-03-14
832,HRL,2024031405001649,56,49,10.00,636.30,"6,363.00",2024-03-14
833,HRL,2024031405001651,56,8,10.00,636.30,"6,363.00",2024-03-14
834,HRL,2024031405001652,56,17,10.00,636.30,"6,363.00",2024-03-14
835,HRL,2024031405001653,56,58,10.00,636.30,"6,363.00",2024-03-14
836,HRL,2024031405001655,56,38,10.00,636.30,"6,363.00",2024-03-14
837,HRL,2024031405001656,56,42,10.00,636.30,"6,363.00",2024-03-14
838,HRL,2024031405001657,56,35,10.00,636.30,"6,363.00",2024-03-14
839,HRL,2024031405001660,56,58,10.00,636.30,"6,363.00",2024-03-14
840,HRL,2024031405001666,56,45,10.00,636.30,"6,363.00",2024-03-14
841,HRL,2024031405001671,53,34,20.00,637.00,"12,740.00",2024-03-14
842,HRL,2024031405001672,53,58,40.00,637.00,"25,480.00",2024-03-14
843,HRL,2024031405001673,53,51,10.00,637.00,"6,370.00",2024-03-14
844,HRL,2024031405001674,53,45,10.00,637.00,"6,370.00",2024-03-14
845,HRL,2024031405001675,53,40,10.00,637.00,"6,370.00",2024-03-14
846,HRL,2024031405001677,53,41,10.00,637.00,"6,370.00",2024-03-14
847,HRL,2024031405001706,59,43,10.00,636.40,"6,364.00",2024-03-14
848,HRL,2024031405001707,45,34,10.00,636.50,"6,365.00",2024-03-14
849,HRL,2024031405001708,45,1,10.00,637.00,"6,370.00",2024-03-14
850,HRL,2024031405001709,45,33,20.00,637.00,"12,740.00",2024-03-14
851,HRL,2024031405001710,45,58,10.00,637.00,"6,370.00",2024-03-14
852,HRL,2024031405001713,58,46,10.00,636.90,"6,369.00",2024-03-14
853,HRL,2024031405001714,58,58,30.00,637.00,"19,110.00",2024-03-14
854,HRL,2024031405001715,58,42,10.00,637.00,"6,370.00",2024-03-14
855,HRL,2024031405001716,58,58,10.00,637.00,"6,370.00",2024-03-14
856,HRL,2024031405001717,58,56,10.00,637.00,"6,370.00",2024-03-14
857,HRL,2024031405001718,58,58,10.00,637.00,"6,370.00",2024-03-14
858,HRL,2024031405001720,58,56,20.00,637.00,"12,740.00",2024-03-14
859,HRL,2024031405001723,38,6,250.00,636.50,"159,125.00",2024-03-14
860,HRL,2024031405001734,59,49,20.00,636.40,"12,728.00",2024-03-14
861,HRL,2024031405001736,59,18,20.00,636.40,"12,728.00",2024-03-14
862,HRL,2024031405001737,59,56,30.00,636.40,"19,092.00",2024-03-14
863,HRL,2024031405001755,59,42,10.00,636.40,"6,364.00",2024-03-14
864,HRL,2024031405001756,59,21,10.00,636.40,"6,364.00",2024-03-14
865,HRL,2024031405001757,57,6,200.00,636.50,"127,300.00",2024-03-14
866,HRL,2024031405001759,77,6,50.00,636.50,"31,825.00",2024-03-14
867,HRL,2024031405001761,77,19,100.00,636.50,"63,650.00",2024-03-14
868,HRL,2024031405001767,77,17,10.00,636.50,"6,365.00",2024-03-14
869,HRL,2024031405001771,77,55,125.00,636.50,"79,562.50",2024-03-14
870,HRL,2024031405001772,77,6,10.00,636.50,"6,365.00",2024-03-14
871,HRL,2024031405001773,77,58,50.00,636.50,"31,825.00",2024-03-14
872,HRL,2024031405001776,21,41,10.00,636.40,"6,364.00",2024-03-14
873,HRL,2024031405001785,58,33,10.00,636.50,"6,365.00",2024-03-14
874,HRL,2024031405001786,58,58,10.00,636.50,"6,365.00",2024-03-14
875,HRL,2024031405001787,58,34,138.00,636.50,"87,837.00",2024-03-14
876,HRL,2024031405001790,21,38,10.00,636.40,"6,364.00",2024-03-14
877,HRL,2024031405001792,21,4,10.00,636.40,"6,364.00",2024-03-14
878,HRL,2024031405001793,21,86,20.00,636.40,"12,728.00",2024-03-14
879,HRL,2024031405001796,34,34,30.00,636.50,"19,095.00",2024-03-14
880,HRL,2024031405001797,21,45,10.00,636.40,"6,364.00",2024-03-14
881,HRL,2024031405001799,21,17,352.00,636.40,"224,012.80",2024-03-14
882,HRL,2024031405001800,21,35,20.00,636.40,"12,728.00",2024-03-14
883,HRL,2024031405001801,21,35,10.00,636.40,"6,364.00",2024-03-14
884,HRL,2024031405001803,45,58,50.00,636.30,"31,815.00",2024-03-14
885,HRL,2024031405001804,38,58,500.00,636.30,"318,150.00",2024-03-14
886,HRL,2024031405001805,1,58,261.00,636.20,"166,048.20",2024-03-14
887,HRL,2024031405001814,1,54,10.00,636.20,"6,362.00",2024-03-14
888,HRL,2024031405001821,1,45,30.00,636.20,"19,086.00",2024-03-14
889,HRL,2024031405001824,70,38,10.00,636.30,"6,363.00",2024-03-14
890,HRL,2024031405001826,38,58,10.00,636.40,"6,364.00",2024-03-14
891,HRL,2024031405001827,38,43,30.00,636.40,"19,092.00",2024-03-14
892,HRL,2024031405001828,38,4,20.00,636.40,"12,728.00",2024-03-14
893,HRL,2024031405001829,38,38,260.00,636.40,"165,464.00",2024-03-14
894,HRL,2024031405001833,38,28,30.00,636.40,"19,092.00",2024-03-14
895,HRL,2024031405001835,38,32,10.00,636.40,"6,364.00",2024-03-14
896,HRL,2024031405001838,44,34,50.00,636.50,"31,825.00",2024-03-14
897,HRL,2024031405001848,38,35,20.00,636.40,"12,728.00",2024-03-14
898,HRL,2024031405001860,38,13,10.00,636.40,"6,364.00",2024-03-14
899,HRL,2024031405001861,38,72,20.00,636.40,"12,728.00",2024-03-14
900,HRL,2024031405001864,38,34,10.00,636.40,"6,364.00",2024-03-14
901,HRL,2024031405001865,38,58,10.00,636.40,"6,364.00",2024-03-14
902,HRL,2024031405001868,38,42,10.00,636.40,"6,364.00",2024-03-14
903,HRL,2024031405001869,26,34,10.00,636.50,"6,365.00",2024-03-14
904,HRL,2024031405001871,38,4,10.00,636.40,"6,364.00",2024-03-14
905,HRL,2024031405001872,38,57,10.00,636.40,"6,364.00",2024-03-14
906,HRL,2024031405001873,38,21,10.00,636.40,"6,364.00",2024-03-14
907,HRL,2024031405001875,38,58,20.00,636.40,"12,728.00",2024-03-14
908,HRL,2024031405001876,38,32,10.00,636.40,"6,364.00",2024-03-14
909,HRL,2024031405001878,38,56,30.00,636.40,"19,092.00",2024-03-14
910,HRL,2024031405001879,38,16,10.00,636.40,"6,364.00",2024-03-14
911,HRL,2024031405001881,66,6,150.00,636.50,"95,475.00",2024-03-14
912,HRL,2024031405001891,66,54,10.00,636.50,"6,365.00",2024-03-14
913,HRL,2024031405001899,66,38,10.00,636.50,"6,365.00",2024-03-14
914,HRL,2024031405001901,66,6,10.00,636.50,"6,365.00",2024-03-14
915,HRL,2024031405001911,66,45,120.00,636.50,"76,380.00",2024-03-14
916,HRL,2024031405001912,34,45,20.00,636.50,"12,730.00",2024-03-14
917,HRL,2024031405001913,1,45,60.00,636.50,"38,190.00",2024-03-14
918,HRL,2024031405001914,1,58,20.00,636.50,"12,730.00",2024-03-14
919,HRL,2024031405001917,1,45,20.00,636.50,"12,730.00",2024-03-14
920,HRL,2024031405001918,1,21,10.00,636.50,"6,365.00",2024-03-14
921,HRL,2024031405001919,1,38,20.00,636.50,"12,730.00",2024-03-14
922,HRL,2024031405001928,1,21,10.00,636.50,"6,365.00",2024-03-14
923,HRL,2024031405001929,1,58,10.00,636.50,"6,365.00",2024-03-14
924,HRL,2024031405001942,1,39,10.00,636.50,"6,365.00",2024-03-14
925,HRL,2024031405001943,1,29,140.00,636.50,"89,110.00",2024-03-14
926,HRL,2024031405001944,57,29,10.00,636.50,"6,365.00",2024-03-14
927,HRL,2024031405001945,38,29,10.00,636.50,"6,365.00",2024-03-14
928,HRL,2024031405001947,38,56,10.00,636.40,"6,364.00",2024-03-14
929,HRL,2024031405001956,58,38,170.00,636.40,"108,188.00",2024-03-14
930,HRL,2024031405001962,58,34,20.00,636.40,"12,728.00",2024-03-14
931,HRL,2024031405001963,58,38,20.00,636.40,"12,728.00",2024-03-14
932,HRL,2024031405001965,58,21,10.00,636.40,"6,364.00",2024-03-14
933,HRL,2024031405001971,58,58,20.00,636.40,"12,728.00",2024-03-14
934,HRL,2024031405001972,58,36,75.00,636.40,"47,730.00",2024-03-14
935,HRL,2024031405001973,70,36,40.00,636.30,"25,452.00",2024-03-14
936,HRL,2024031405001974,55,36,385.00,636.30,"244,975.50",2024-03-14
937,HRL,2024031405001975,55,37,170.00,636.30,"108,171.00",2024-03-14
938,HRL,2024031405001976,54,37,300.00,636.30,"190,890.00",2024-03-14
939,HRL,2024031405001977,1,37,107.00,636.20,"68,073.40",2024-03-14
940,HRL,2024031405001978,57,37,123.00,636.20,"78,252.60",2024-03-14
941,HRL,2024031405001980,57,37,77.00,636.20,"48,987.40",2024-03-14
942,HRL,2024031405001981,1,37,223.00,636.20,"141,872.60",2024-03-14
943,HRL,2024031405001982,1,41,10.00,636.20,"6,362.00",2024-03-14
944,HRL,2024031405001986,1,42,10.00,636.20,"6,362.00",2024-03-14
945,HRL,2024031405001989,1,21,10.00,636.20,"6,362.00",2024-03-14
946,HRL,2024031405001990,1,45,10.00,636.20,"6,362.00",2024-03-14
947,HRL,2024031405001991,1,28,20.00,636.20,"12,724.00",2024-03-14
948,HRL,2024031405001996,1,38,20.00,636.20,"12,724.00",2024-03-14
949,HRL,2024031405001999,1,51,10.00,636.20,"6,362.00",2024-03-14
950,HRL,2024031405002012,1,36,10.00,636.20,"6,362.00",2024-03-14
951,HRL,2024031405002016,16,39,30.00,636.30,"19,089.00",2024-03-14
952,HRL,2024031405002026,16,49,20.00,636.30,"12,726.00",2024-03-14
953,HRL,2024031405002028,16,36,10.00,636.30,"6,363.00",2024-03-14
954,HRL,2024031405002035,16,33,20.00,636.30,"12,726.00",2024-03-14
955,HRL,2024031405002036,16,57,10.00,636.30,"6,363.00",2024-03-14
956,HRL,2024031405002038,16,21,10.00,636.30,"6,363.00",2024-03-14
957,HRL,2024031405002044,16,13,20.00,636.30,"12,726.00",2024-03-14
958,HRL,2024031405002045,16,14,20.00,636.30,"12,726.00",2024-03-14
959,HRL,2024031405002048,16,21,10.00,636.30,"6,363.00",2024-03-14
960,HRL,2024031405002051,16,21,10.00,636.30,"6,363.00",2024-03-14
961,HRL,2024031405002052,16,21,10.00,636.30,"6,363.00",2024-03-14
962,HRL,2024031405002053,16,36,20.00,636.30,"12,726.00",2024-03-14
963,HRL,2024031405002054,16,28,10.00,636.30,"6,363.00",2024-03-14
964,HRL,2024031405002055,42,44,10.00,636.30,"6,363.00",2024-03-14
965,HRL,2024031405002056,7,58,10.00,636.40,"6,364.00",2024-03-14
966,HRL,2024031405002057,7,22,20.00,636.40,"12,728.00",2024-03-14
967,HRL,2024031405002058,7,4,10.00,636.40,"6,364.00",2024-03-14
968,HRL,2024031405002059,7,35,10.00,636.40,"6,364.00",2024-03-14
969,HRL,2024031405002060,42,35,10.00,636.30,"6,363.00",2024-03-14
970,HRL,2024031405002061,42,53,10.00,636.30,"6,363.00",2024-03-14
971,HRL,2024031405002062,35,53,20.00,636.30,"12,726.00",2024-03-14
972,HRL,2024031405002064,35,57,10.00,636.30,"6,363.00",2024-03-14
973,HRL,2024031405002065,35,7,10.00,636.30,"6,363.00",2024-03-14
974,HRL,2024031405002068,35,1,20.00,636.30,"12,726.00",2024-03-14
975,HRL,2024031405002070,35,21,10.00,636.30,"6,363.00",2024-03-14
976,HRL,2024031405002074,35,62,180.00,636.30,"114,534.00",2024-03-14
977,HRL,2024031405002075,49,62,10.00,636.30,"6,363.00",2024-03-14
978,HRL,2024031405002076,49,6,20.00,636.30,"12,726.00",2024-03-14
979,HRL,2024031405002077,59,29,24.00,636.50,"15,276.00",2024-03-14
980,HRL,2024031405002078,49,21,10.00,636.30,"6,363.00",2024-03-14
981,HRL,2024031405002081,49,41,10.00,636.30,"6,363.00",2024-03-14
982,HRL,2024031405002082,49,48,10.00,636.30,"6,363.00",2024-03-14
983,HRL,2024031405002086,49,25,10.00,636.30,"6,363.00",2024-03-14
984,HRL,2024031405002087,49,22,200.00,636.30,"127,260.00",2024-03-14
985,HRL,2024031405002088,55,58,10.00,636.50,"6,365.00",2024-03-14
986,HRL,2024031405002089,55,1,10.00,636.50,"6,365.00",2024-03-14
987,HRL,2024031405002092,49,86,130.00,636.30,"82,719.00",2024-03-14
988,HRL,2024031405002093,38,86,370.00,636.30,"235,431.00",2024-03-14
989,HRL,2024031405002094,38,43,50.00,636.30,"31,815.00",2024-03-14
990,HRL,2024031405002095,58,21,10.00,636.50,"6,365.00",2024-03-14
991,HRL,2024031405002096,58,49,20.00,636.50,"12,730.00",2024-03-14
992,HRL,2024031405002097,38,58,20.00,636.30,"12,726.00",2024-03-14
993,HRL,2024031405002099,38,41,10.00,636.30,"6,363.00",2024-03-14
994,HRL,2024031405002100,38,21,10.00,636.30,"6,363.00",2024-03-14
995,HRL,2024031405002101,38,43,30.00,636.30,"19,089.00",2024-03-14
996,HRL,2024031405002105,38,58,10.00,636.30,"6,363.00",2024-03-14
997,HRL,2024031405002106,1,4,10.00,636.20,"6,362.00",2024-03-14
998,HRL,2024031405002107,1,46,20.00,636.20,"12,724.00",2024-03-14
999,HRL,2024031405002108,1,62,20.00,636.20,"12,724.00",2024-03-14
1000,HRL,2024031405002110,1,57,10.00,636.20,"6,362.00",2024-03-14
1001,HRL,2024031405002117,1,57,117.00,636.20,"74,435.40",2024-03-14
1002,HRL,2024031405002118,58,57,100.00,636.20,"63,620.00",2024-03-14
1003,HRL,2024031405002119,1,57,183.00,636.20,"116,424.60",2024-03-14
1004,HRL,2024031405002120,1,36,10.00,636.20,"6,362.00",2024-03-14
1005,HRL,2024031405002121,1,42,10.00,636.20,"6,362.00",2024-03-14
1006,HRL,2024031405002122,1,8,10.00,636.20,"6,362.00",2024-03-14
1007,HRL,2024031405002123,1,56,10.00,636.20,"6,362.00",2024-03-14
1008,HRL,2024031405002125,1,74,10.00,636.20,"6,362.00",2024-03-14
1009,HRL,2024031405002126,1,5,75.00,636.20,"47,715.00",2024-03-14
1010,HRL,2024031405002127,1,28,10.00,636.20,"6,362.00",2024-03-14
1011,HRL,2024031405002128,1,26,10.00,636.20,"6,362.00",2024-03-14
1012,HRL,2024031405002129,1,39,172.00,636.20,"109,426.40",2024-03-14
1013,HRL,2024031405002130,29,39,100.00,636.20,"63,620.00",2024-03-14
1014,HRL,2024031405002131,36,39,538.00,636.10,"342,221.80",2024-03-14
1015,HRL,2024031405002134,36,59,20.00,636.10,"12,722.00",2024-03-14
1016,HRL,2024031405002135,36,43,30.00,636.10,"19,083.00",2024-03-14
1017,HRL,2024031405002139,36,59,20.00,636.10,"12,722.00",2024-03-14
1018,HRL,2024031405002140,36,38,10.00,636.10,"6,361.00",2024-03-14
1019,HRL,2024031405002141,36,26,10.00,636.10,"6,361.00",2024-03-14
1020,HRL,2024031405002142,36,14,10.00,636.10,"6,361.00",2024-03-14
1021,HRL,2024031405002145,36,4,30.00,636.10,"19,083.00",2024-03-14
1022,HRL,2024031405002146,36,45,770.00,636.10,"489,797.00",2024-03-14
1023,HRL,2024031405002147,77,26,10.00,636.20,"6,362.00",2024-03-14
1024,HRL,2024031405002159,77,58,20.00,636.20,"12,724.00",2024-03-14
1025,HRL,2024031405002160,77,45,30.00,636.20,"19,086.00",2024-03-14
1026,HRL,2024031405002161,77,42,10.00,636.20,"6,362.00",2024-03-14
1027,HRL,2024031405002163,77,39,10.00,636.20,"6,362.00",2024-03-14
1028,HRL,2024031405002165,77,84,20.00,636.20,"12,724.00",2024-03-14
1029,HRL,2024031405002166,77,58,60.00,636.20,"38,172.00",2024-03-14
1030,HRL,2024031405002167,77,71,140.00,636.20,"89,068.00",2024-03-14
1031,HRL,2024031405002168,36,71,562.00,636.10,"357,488.20",2024-03-14
1032,HRL,2024031405002169,17,71,100.00,636.00,"63,600.00",2024-03-14
1033,HRL,2024031405002170,18,71,100.00,636.00,"63,600.00",2024-03-14
1034,HRL,2024031405002171,1,71,15.00,636.00,"9,540.00",2024-03-14
1035,HRL,2024031405002172,29,71,556.00,636.00,"353,616.00",2024-03-14
1036,HRL,2024031405002175,29,5,75.00,636.00,"47,700.00",2024-03-14
1037,HRL,2024031405002176,29,36,10.00,636.00,"6,360.00",2024-03-14
1038,HRL,2024031405002178,29,41,800.00,636.00,"508,800.00",2024-03-14
1039,HRL,2024031405002182,88,41,10.00,636.10,"6,361.00",2024-03-14
1040,HRL,2024031405002183,88,58,30.00,636.10,"19,083.00",2024-03-14
1041,HRL,2024031405002185,88,85,200.00,636.10,"127,220.00",2024-03-14
1042,HRL,2024031405002186,88,58,10.00,636.10,"6,361.00",2024-03-14
1043,HRL,2024031405002187,88,58,30.00,636.10,"19,083.00",2024-03-14
1044,HRL,2024031405002188,88,49,10.00,636.10,"6,361.00",2024-03-14
1045,HRL,2024031405002190,88,21,10.00,636.10,"6,361.00",2024-03-14
1046,HRL,2024031405002191,88,51,10.00,636.10,"6,361.00",2024-03-14
1047,HRL,2024031405002193,88,34,10.00,636.10,"6,361.00",2024-03-14
1048,HRL,2024031405002197,88,52,20.00,636.10,"12,722.00",2024-03-14
1049,HRL,2024031405002199,88,7,10.00,636.10,"6,361.00",2024-03-14
1050,HRL,2024031405002200,88,54,150.00,636.10,"95,415.00",2024-03-14
1051,HRL,2024031405002201,29,54,559.00,636.00,"355,524.00",2024-03-14
1052,HRL,2024031405002202,38,54,50.00,636.00,"31,800.00",2024-03-14
1053,HRL,2024031405002203,38,54,10.00,636.00,"6,360.00",2024-03-14
1054,HRL,2024031405002206,22,54,10.00,636.00,"6,360.00",2024-03-14
1055,HRL,2024031405002207,33,49,10.00,635.30,"6,353.00",2024-03-14
1056,HRL,2024031405002209,77,54,32.00,636.00,"20,352.00",2024-03-14
1057,HRL,2024031405002210,36,58,30.00,635.40,"19,062.00",2024-03-14
1058,HRL,2024031405002212,36,58,10.00,635.40,"6,354.00",2024-03-14
1059,HRL,2024031405002213,7,54,20.00,636.00,"12,720.00",2024-03-14
1060,HRL,2024031405002218,36,57,10.00,635.40,"6,354.00",2024-03-14
1061,HRL,2024031405002220,38,58,10.00,635.50,"6,355.00",2024-03-14
1062,HRL,2024031405002221,38,54,490.00,636.00,"311,640.00",2024-03-14
1063,HRL,2024031405002223,36,35,10.00,635.40,"6,354.00",2024-03-14
1064,HRL,2024031405002224,36,35,10.00,635.40,"6,354.00",2024-03-14
1065,HRL,2024031405002226,36,26,20.00,635.40,"12,708.00",2024-03-14
1066,HRL,2024031405002229,36,46,10.00,635.40,"6,354.00",2024-03-14
1067,HRL,2024031405002244,36,58,10.00,635.40,"6,354.00",2024-03-14
1068,HRL,2024031405002245,66,66,20.00,635.50,"12,710.00",2024-03-14
1069,HRL,2024031405002256,66,1,30.00,635.50,"19,065.00",2024-03-14
1070,HRL,2024031405002257,66,49,20.00,635.50,"12,710.00",2024-03-14
1071,HRL,2024031405002260,66,58,10.00,635.50,"6,355.00",2024-03-14
1072,HRL,2024031405002266,66,42,10.00,635.50,"6,355.00",2024-03-14
1073,HRL,2024031405002268,66,34,10.00,635.50,"6,355.00",2024-03-14
1074,HRL,2024031405002269,36,34,10.00,635.40,"6,354.00",2024-03-14
1075,HRL,2024031405002271,36,17,240.00,635.40,"152,496.00",2024-03-14
1076,HRL,2024031405002272,33,17,90.00,635.30,"57,177.00",2024-03-14
1077,HRL,2024031405002273,42,17,80.00,635.30,"50,824.00",2024-03-14
1078,HRL,2024031405002274,56,17,100.00,635.20,"63,520.00",2024-03-14
1079,HRL,2024031405002275,57,17,100.00,635.20,"63,520.00",2024-03-14
1080,HRL,2024031405002276,36,17,90.00,635.10,"57,159.00",2024-03-14
1081,HRL,2024031405002277,36,48,20.00,635.10,"12,702.00",2024-03-14
1082,HRL,2024031405002285,29,54,20.00,636.00,"12,720.00",2024-03-14
1083,HRL,2024031405002288,36,51,10.00,635.10,"6,351.00",2024-03-14
1084,HRL,2024031405002289,36,7,20.00,635.10,"12,702.00",2024-03-14
1085,HRL,2024031405002298,36,49,10.00,635.10,"6,351.00",2024-03-14
1086,HRL,2024031405002300,36,48,20.00,635.10,"12,702.00",2024-03-14
1087,HRL,2024031405002301,36,57,330.00,635.10,"209,583.00",2024-03-14
1088,HRL,2024031405002302,62,57,100.00,635.10,"63,510.00",2024-03-14
1089,HRL,2024031405002303,50,57,50.00,635.00,"31,750.00",2024-03-14
1090,HRL,2024031405002304,32,57,500.00,635.00,"317,500.00",2024-03-14
1091,HRL,2024031405002305,28,57,100.00,635.00,"63,500.00",2024-03-14
1092,HRL,2024031405002306,34,57,20.00,635.00,"12,700.00",2024-03-14
1093,HRL,2024031405002307,84,57,100.00,635.00,"63,500.00",2024-03-14
1094,HRL,2024031405002309,84,17,10.00,635.00,"6,350.00",2024-03-14
1095,HRL,2024031405002312,84,54,90.00,635.00,"57,150.00",2024-03-14
1096,HRL,2024031405002313,54,54,69.00,635.00,"43,815.00",2024-03-14
1097,HRL,2024031405002314,54,4,10.00,635.00,"6,350.00",2024-03-14
1098,HRL,2024031405002316,54,49,621.00,635.00,"394,335.00",2024-03-14
1099,HRL,2024031405002317,45,17,10.00,635.00,"6,350.00",2024-03-14
1100,HRL,2024031405002331,45,39,10.00,635.00,"6,350.00",2024-03-14
1101,HRL,2024031405002332,22,49,20.00,635.10,"12,702.00",2024-03-14
1102,HRL,2024031405002333,22,19,20.00,635.10,"12,702.00",2024-03-14
1103,HRL,2024031405002334,22,5,160.00,635.10,"101,616.00",2024-03-14
1104,HRL,2024031405002335,35,5,10.00,635.10,"6,351.00",2024-03-14
1105,HRL,2024031405002336,45,5,80.00,635.00,"50,800.00",2024-03-14
1106,HRL,2024031405002337,42,5,240.00,635.00,"152,400.00",2024-03-14
1107,HRL,2024031405002338,39,5,100.00,635.00,"63,500.00",2024-03-14
1108,HRL,2024031405002339,45,5,35.00,635.00,"22,225.00",2024-03-14
1109,HRL,2024031405002340,17,5,75.00,635.00,"47,625.00",2024-03-14
1110,HRL,2024031405002341,17,1,25.00,635.00,"15,875.00",2024-03-14
1111,HRL,2024031405002344,4,25,10.00,635.00,"6,350.00",2024-03-14
1112,HRL,2024031405002345,52,58,10.00,635.50,"6,355.00",2024-03-14
1113,HRL,2024031405002346,52,43,20.00,636.00,"12,720.00",2024-03-14
1114,HRL,2024031405002347,52,4,20.00,636.00,"12,720.00",2024-03-14
1115,HRL,2024031405002355,4,58,10.00,635.00,"6,350.00",2024-03-14
1116,HRL,2024031405002356,45,25,500.00,635.00,"317,500.00",2024-03-14
1117,HRL,2024031405002357,82,25,50.00,635.00,"31,750.00",2024-03-14
1118,HRL,2024031405002358,47,25,30.00,635.00,"19,050.00",2024-03-14
1119,HRL,2024031405002359,4,25,15.00,635.00,"9,525.00",2024-03-14
1120,HRL,2024031405002360,49,25,20.00,635.00,"12,700.00",2024-03-14
1121,HRL,2024031405002365,54,48,20.00,634.00,"12,680.00",2024-03-14
1122,HRL,2024031405002367,54,53,280.00,634.00,"177,520.00",2024-03-14
1123,HRL,2024031405002368,51,53,120.00,634.00,"76,080.00",2024-03-14
1124,HRL,2024031405002373,51,44,30.00,634.00,"19,020.00",2024-03-14
1125,HRL,2024031405002374,25,58,10.00,634.00,"6,340.00",2024-03-14
1126,HRL,2024031405002376,25,48,15.00,634.00,"9,510.00",2024-03-14
1127,HRL,2024031405002378,35,16,20.00,633.00,"12,660.00",2024-03-14
1128,HRL,2024031405002379,4,16,10.00,633.00,"6,330.00",2024-03-14
1129,HRL,2024031405002380,4,7,20.00,633.00,"12,660.00",2024-03-14
1130,HRL,2024031405002381,39,7,20.00,633.00,"12,660.00",2024-03-14
1131,HRL,2024031405002382,39,4,20.00,633.00,"12,660.00",2024-03-14
1132,HRL,2024031405002383,39,49,10.00,633.00,"6,330.00",2024-03-14
1133,HRL,2024031405002384,58,49,10.00,633.00,"6,330.00",2024-03-14
1134,HRL,2024031405002387,58,7,20.00,633.00,"12,660.00",2024-03-14
1135,HRL,2024031405002401,58,56,10.00,633.00,"6,330.00",2024-03-14
1136,HRL,2024031405002402,58,48,10.00,633.00,"6,330.00",2024-03-14
1137,HRL,2024031405002403,7,48,10.00,632.20,"6,322.00",2024-03-14
1138,HRL,2024031405002412,7,26,10.00,632.20,"6,322.00",2024-03-14
1139,HRL,2024031405002416,7,53,20.00,632.20,"12,644.00",2024-03-14
1140,HRL,2024031405002417,7,38,10.00,632.20,"6,322.00",2024-03-14
1141,HRL,2024031405002418,7,38,10.00,632.20,"6,322.00",2024-03-14
1142,HRL,2024031405002419,7,19,10.00,632.20,"6,322.00",2024-03-14
1143,HRL,2024031405002420,7,38,10.00,632.20,"6,322.00",2024-03-14
1144,HRL,2024031405002421,7,38,10.00,632.20,"6,322.00",2024-03-14
1145,HRL,2024031405002422,7,25,10.00,632.20,"6,322.00",2024-03-14
1146,HRL,2024031405002423,35,45,21.00,632.40,"13,280.40",2024-03-14
1147,HRL,2024031405002424,58,53,75.00,632.10,"47,407.50",2024-03-14
1148,HRL,2024031405002425,49,33,20.00,632.10,"12,642.00",2024-03-14
1149,HRL,2024031405002426,6,35,20.00,632.20,"12,644.00",2024-03-14
1150,HRL,2024031405002427,6,34,10.00,632.20,"6,322.00",2024-03-14
1151,HRL,2024031405002433,6,28,20.00,632.20,"12,644.00",2024-03-14
1152,HRL,2024031405002434,42,28,70.00,632.20,"44,254.00",2024-03-14
1153,HRL,2024031405002435,42,57,10.00,632.20,"6,322.00",2024-03-14
1154,HRL,2024031405002436,42,17,10.00,632.20,"6,322.00",2024-03-14
1155,HRL,2024031405002437,42,35,10.00,632.20,"6,322.00",2024-03-14
1156,HRL,2024031405002439,49,58,10.00,632.10,"6,321.00",2024-03-14
1157,HRL,2024031405002440,49,57,10.00,632.10,"6,321.00",2024-03-14
1158,HRL,2024031405002441,22,35,10.00,632.20,"6,322.00",2024-03-14
1159,HRL,2024031405002442,1,33,10.00,632.20,"6,322.00",2024-03-14
1160,HRL,2024031405002443,1,58,18.00,633.00,"11,394.00",2024-03-14
1161,HRL,2024031405002444,49,25,10.00,632.10,"6,321.00",2024-03-14
1162,HRL,2024031405002453,7,38,10.00,632.20,"6,322.00",2024-03-14
1163,HRL,2024031405002456,8,58,10.00,633.00,"6,330.00",2024-03-14
1164,HRL,2024031405002457,7,47,10.00,632.20,"6,322.00",2024-03-14
1165,HRL,2024031405002458,7,21,10.00,632.20,"6,322.00",2024-03-14
1166,HRL,2024031405002460,7,21,10.00,632.20,"6,322.00",2024-03-14
1167,HRL,2024031405002461,7,34,20.00,632.20,"12,644.00",2024-03-14
1168,HRL,2024031405002462,7,25,10.00,632.20,"6,322.00",2024-03-14
1169,HRL,2024031405002463,14,34,20.00,633.00,"12,660.00",2024-03-14
1170,HRL,2024031405002464,14,42,20.00,633.00,"12,660.00",2024-03-14
1171,HRL,2024031405002467,14,33,60.00,633.00,"37,980.00",2024-03-14
1172,HRL,2024031405002470,7,58,30.00,632.20,"18,966.00",2024-03-14
1173,HRL,2024031405002472,58,10,20.00,632.30,"12,646.00",2024-03-14
1174,HRL,2024031405002474,58,33,85.00,632.30,"53,745.50",2024-03-14
1175,HRL,2024031405002475,42,33,50.00,632.20,"31,610.00",2024-03-14
1176,HRL,2024031405002476,29,33,95.00,632.20,"60,059.00",2024-03-14
1177,HRL,2024031405002478,45,7,10.00,632.20,"6,322.00",2024-03-14
1178,HRL,2024031405002481,45,6,10.00,632.20,"6,322.00",2024-03-14
1179,HRL,2024031405002486,49,6,10.00,632.10,"6,321.00",2024-03-14
1180,HRL,2024031405002495,34,42,10.00,632.20,"6,322.00",2024-03-14
1181,HRL,2024031405002496,34,56,20.00,632.20,"12,644.00",2024-03-14
1182,HRL,2024031405002497,34,45,10.00,633.00,"6,330.00",2024-03-14
1183,HRL,2024031405002498,34,56,10.00,633.00,"6,330.00",2024-03-14
1184,HRL,2024031405002499,34,14,10.00,633.00,"6,330.00",2024-03-14
1185,HRL,2024031405002503,34,50,10.00,633.00,"6,330.00",2024-03-14
1186,HRL,2024031405002504,34,58,10.00,633.00,"6,330.00",2024-03-14
1187,HRL,2024031405002512,34,22,10.00,633.00,"6,330.00",2024-03-14
1188,HRL,2024031405002513,87,42,10.00,633.10,"6,331.00",2024-03-14
1189,HRL,2024031405002518,87,56,450.00,633.10,"284,895.00",2024-03-14
1190,HRL,2024031405002520,87,62,10.00,633.10,"6,331.00",2024-03-14
1191,HRL,2024031405002524,76,58,10.00,633.50,"6,335.00",2024-03-14
1192,HRL,2024031405002531,87,35,10.00,633.10,"6,331.00",2024-03-14
1193,HRL,2024031405002532,87,56,20.00,633.10,"12,662.00",2024-03-14
1194,HRL,2024031405002535,34,32,10.00,633.00,"6,330.00",2024-03-14
1195,HRL,2024031405002536,34,45,30.00,633.00,"18,990.00",2024-03-14
1196,HRL,2024031405002537,34,35,10.00,633.00,"6,330.00",2024-03-14
1197,HRL,2024031405002540,34,43,30.00,633.00,"18,990.00",2024-03-14
1198,HRL,2024031405002544,34,49,10.00,633.00,"6,330.00",2024-03-14
1199,HRL,2024031405002547,19,38,20.00,633.10,"12,662.00",2024-03-14
1200,HRL,2024031405002548,19,49,10.00,633.10,"6,331.00",2024-03-14
1201,HRL,2024031405002558,44,32,20.00,634.00,"12,680.00",2024-03-14
1202,HRL,2024031405002559,44,38,10.00,634.00,"6,340.00",2024-03-14
1203,HRL,2024031405002560,44,58,20.00,634.00,"12,680.00",2024-03-14
1204,HRL,2024031405002561,44,7,30.00,634.50,"19,035.00",2024-03-14
1205,HRL,2024031405002562,44,57,20.00,634.90,"12,698.00",2024-03-14
1206,HRL,2024031405002563,19,42,15.00,633.10,"9,496.50",2024-03-14
1207,HRL,2024031405002564,34,49,30.00,633.00,"18,990.00",2024-03-14
1208,HRL,2024031405002567,41,56,10.00,633.10,"6,331.00",2024-03-14
1209,HRL,2024031405002569,41,7,20.00,633.10,"12,662.00",2024-03-14
1210,HRL,2024031405002570,34,39,10.00,633.00,"6,330.00",2024-03-14
1211,HRL,2024031405002571,34,35,20.00,633.00,"12,660.00",2024-03-14
1212,HRL,2024031405002577,34,51,10.00,633.00,"6,330.00",2024-03-14
1213,HRL,2024031405002581,38,42,10.00,633.10,"6,331.00",2024-03-14
1214,HRL,2024031405002582,21,34,10.00,633.50,"6,335.00",2024-03-14
1215,HRL,2024031405002584,21,56,30.00,633.50,"19,005.00",2024-03-14
1216,HRL,2024031405002585,21,50,10.00,633.50,"6,335.00",2024-03-14
1217,HRL,2024031405002593,22,33,10.00,634.00,"6,340.00",2024-03-14
1218,HRL,2024031405002594,22,56,10.00,634.00,"6,340.00",2024-03-14
1219,HRL,2024031405002595,22,49,10.00,634.00,"6,340.00",2024-03-14
1220,HRL,2024031405002597,63,57,180.00,634.90,"114,282.00",2024-03-14
1221,HRL,2024031405002598,63,58,15.00,635.00,"9,525.00",2024-03-14
1222,HRL,2024031405002599,63,35,20.00,635.00,"12,700.00",2024-03-14
1223,HRL,2024031405002600,63,3,30.00,635.00,"19,050.00",2024-03-14
1224,HRL,2024031405002601,63,57,20.00,635.00,"12,700.00",2024-03-14
1225,HRL,2024031405002602,63,44,20.00,635.00,"12,700.00",2024-03-14
1226,HRL,2024031405002603,63,55,10.00,635.00,"6,350.00",2024-03-14
1227,HRL,2024031405002604,63,44,20.00,635.00,"12,700.00",2024-03-14
1228,HRL,2024031405002605,63,45,10.00,635.00,"6,350.00",2024-03-14
1229,HRL,2024031405002606,63,35,20.00,635.00,"12,700.00",2024-03-14
1230,HRL,2024031405002607,63,26,10.00,635.00,"6,350.00",2024-03-14
1231,HRL,2024031405002608,63,41,10.00,635.00,"6,350.00",2024-03-14
1232,HRL,2024031405002609,63,54,20.00,635.00,"12,700.00",2024-03-14
1233,HRL,2024031405002610,63,6,30.00,635.00,"19,050.00",2024-03-14
1234,HRL,2024031405002611,63,42,20.00,635.00,"12,700.00",2024-03-14
1235,HRL,2024031405002612,63,46,10.00,635.00,"6,350.00",2024-03-14
1236,HRL,2024031405002613,63,51,10.00,635.00,"6,350.00",2024-03-14
1237,HRL,2024031405002614,63,21,30.00,635.00,"19,050.00",2024-03-14
1238,HRL,2024031405002615,63,42,10.00,635.00,"6,350.00",2024-03-14
1239,HRL,2024031405002626,82,34,100.00,635.00,"63,500.00",2024-03-14
1240,HRL,2024031405002629,66,3,10.00,635.40,"6,354.00",2024-03-14
1241,HRL,2024031405002630,66,49,10.00,635.50,"6,355.00",2024-03-14
1242,HRL,2024031405002631,66,4,10.00,636.00,"6,360.00",2024-03-14
1243,HRL,2024031405002632,66,33,10.00,636.00,"6,360.00",2024-03-14
1244,HRL,2024031405002633,82,38,10.00,635.00,"6,350.00",2024-03-14
1245,HRL,2024031405002634,26,16,20.00,635.50,"12,710.00",2024-03-14
1246,HRL,2024031405002635,54,22,10.00,635.50,"6,355.00",2024-03-14
1247,HRL,2024031405002636,22,33,40.00,636.00,"25,440.00",2024-03-14
1248,HRL,2024031405002637,22,26,10.00,636.00,"6,360.00",2024-03-14
1249,HRL,2024031405002638,22,53,10.00,636.00,"6,360.00",2024-03-14
1250,HRL,2024031405002639,22,45,10.00,636.00,"6,360.00",2024-03-14
1251,HRL,2024031405002640,22,35,10.00,636.00,"6,360.00",2024-03-14
1252,HRL,2024031405002641,22,32,20.00,636.00,"12,720.00",2024-03-14
1253,HRL,2024031405002642,22,45,20.00,636.00,"12,720.00",2024-03-14
1254,HRL,2024031405002643,22,37,300.00,636.00,"190,800.00",2024-03-14
1255,HRL,2024031405002644,22,52,20.00,636.00,"12,720.00",2024-03-14
1256,HRL,2024031405002650,54,22,10.00,635.50,"6,355.00",2024-03-14
1257,HRL,2024031405002651,54,38,10.00,635.50,"6,355.00",2024-03-14
1258,HRL,2024031405002654,86,51,10.00,635.10,"6,351.00",2024-03-14
1259,HRL,2024031405002655,86,34,20.00,635.10,"12,702.00",2024-03-14
1260,HRL,2024031405002656,38,58,10.00,636.20,"6,362.00",2024-03-14
1261,HRL,2024031405002657,38,58,10.00,636.20,"6,362.00",2024-03-14
1262,HRL,2024031405002658,38,34,20.00,636.20,"12,724.00",2024-03-14
1263,HRL,2024031405002659,38,49,10.00,636.40,"6,364.00",2024-03-14
1264,HRL,2024031405002663,86,7,20.00,635.10,"12,702.00",2024-03-14
1265,HRL,2024031405002665,22,11,50.00,636.40,"31,820.00",2024-03-14
1266,HRL,2024031405002666,22,49,10.00,636.50,"6,365.00",2024-03-14
1267,HRL,2024031405002667,22,58,10.00,636.50,"6,365.00",2024-03-14
1268,HRL,2024031405002668,26,58,10.00,635.50,"6,355.00",2024-03-14
1269,HRL,2024031405002671,50,43,10.00,635.60,"6,356.00",2024-03-14
1270,HRL,2024031405002673,34,39,50.00,636.90,"31,845.00",2024-03-14
1271,HRL,2024031405002676,86,41,10.00,636.00,"6,360.00",2024-03-14
1272,HRL,2024031405002677,66,39,20.00,636.90,"12,738.00",2024-03-14
1273,HRL,2024031405002679,86,58,20.00,636.00,"12,720.00",2024-03-14
1274,HRL,2024031405002680,29,39,230.00,636.90,"146,487.00",2024-03-14
1275,HRL,2024031405002681,29,43,10.00,637.00,"6,370.00",2024-03-14
1276,HRL,2024031405002682,29,36,10.00,637.00,"6,370.00",2024-03-14
1277,HRL,2024031405002683,29,46,20.00,637.00,"12,740.00",2024-03-14
1278,HRL,2024031405002684,29,58,10.00,637.00,"6,370.00",2024-03-14
1279,HRL,2024031405002685,29,45,10.00,637.00,"6,370.00",2024-03-14
1280,HRL,2024031405002686,29,58,10.00,637.00,"6,370.00",2024-03-14
1281,HRL,2024031405002687,29,34,30.00,637.00,"19,110.00",2024-03-14
1282,HRL,2024031405002688,29,36,10.00,637.00,"6,370.00",2024-03-14
1283,HRL,2024031405002689,29,55,960.00,637.00,"611,520.00",2024-03-14
1284,HRL,2024031405002693,86,59,10.00,636.00,"6,360.00",2024-03-14
1285,HRL,2024031405002695,49,55,40.00,637.00,"25,480.00",2024-03-14
1286,HRL,2024031405002696,49,33,30.00,637.00,"19,110.00",2024-03-14
1287,HRL,2024031405002697,49,36,20.00,637.00,"12,740.00",2024-03-14
1288,HRL,2024031405002698,49,3,20.00,637.00,"12,740.00",2024-03-14
1289,HRL,2024031405002699,49,11,50.00,637.00,"31,850.00",2024-03-14
1290,HRL,2024031405002701,49,16,10.00,637.00,"6,370.00",2024-03-14
1291,HRL,2024031405002702,49,38,10.00,637.00,"6,370.00",2024-03-14
1292,HRL,2024031405002703,86,58,10.00,638.00,"6,380.00",2024-03-14
1293,HRL,2024031405002704,86,57,10.00,638.00,"6,380.00",2024-03-14
1294,HRL,2024031405002705,86,46,10.00,638.00,"6,380.00",2024-03-14
1295,HRL,2024031405002706,86,77,10.00,638.00,"6,380.00",2024-03-14
1296,HRL,2024031405002707,86,4,10.00,638.00,"6,380.00",2024-03-14
1297,HRL,2024031405002708,86,21,10.00,638.00,"6,380.00",2024-03-14
1298,HRL,2024031405002709,86,34,30.00,638.00,"19,140.00",2024-03-14
1299,HRL,2024031405002710,86,58,20.00,638.00,"12,760.00",2024-03-14
1300,HRL,2024031405002711,86,38,10.00,638.00,"6,380.00",2024-03-14
1301,HRL,2024031405002712,86,32,10.00,638.00,"6,380.00",2024-03-14
1302,HRL,2024031405002713,86,66,30.00,638.00,"19,140.00",2024-03-14
1303,HRL,2024031405002714,86,38,10.00,638.00,"6,380.00",2024-03-14
1304,HRL,2024031405002715,86,32,10.00,638.00,"6,380.00",2024-03-14
1305,HRL,2024031405002716,86,48,10.00,638.00,"6,380.00",2024-03-14
1306,HRL,2024031405002719,86,6,10.00,638.00,"6,380.00",2024-03-14
1307,HRL,2024031405002720,86,51,10.00,638.00,"6,380.00",2024-03-14
1308,HRL,2024031405002721,86,74,290.00,638.00,"185,020.00",2024-03-14
1309,HRL,2024031405002729,86,74,210.00,638.00,"133,980.00",2024-03-14
1310,HRL,2024031405002733,86,6,10.00,638.00,"6,380.00",2024-03-14
1311,HRL,2024031405002736,26,38,10.00,638.50,"6,385.00",2024-03-14
1312,HRL,2024031405002737,86,52,10.00,638.00,"6,380.00",2024-03-14
1313,HRL,2024031405002738,86,58,50.00,638.00,"31,900.00",2024-03-14
1314,HRL,2024031405002748,49,41,10.00,639.00,"6,390.00",2024-03-14
1315,HRL,2024031405002749,49,59,10.00,639.00,"6,390.00",2024-03-14
1316,HRL,2024031405002750,49,35,20.00,639.00,"12,780.00",2024-03-14
1317,HRL,2024031405002751,49,51,10.00,639.00,"6,390.00",2024-03-14
1318,HRL,2024031405002752,49,21,20.00,639.00,"12,780.00",2024-03-14
1319,HRL,2024031405002753,49,8,500.00,639.00,"319,500.00",2024-03-14
1320,HRL,2024031405002754,49,42,10.00,639.00,"6,390.00",2024-03-14
1321,HRL,2024031405002755,49,55,20.00,639.00,"12,780.00",2024-03-14
1322,HRL,2024031405002756,86,39,100.00,638.00,"63,800.00",2024-03-14
1323,HRL,2024031405002757,86,58,10.00,638.00,"6,380.00",2024-03-14
1324,HRL,2024031405002758,86,58,10.00,638.00,"6,380.00",2024-03-14
1325,HRL,2024031405002768,86,6,10.00,638.00,"6,380.00",2024-03-14
1326,HRL,2024031405002777,35,51,10.00,637.00,"6,370.00",2024-03-14
1327,HRL,2024031405002786,35,47,10.00,637.00,"6,370.00",2024-03-14
1328,HRL,2024031405002787,35,54,10.00,637.00,"6,370.00",2024-03-14
1329,HRL,2024031405002788,55,54,130.00,636.10,"82,693.00",2024-03-14
1330,HRL,2024031405002789,55,58,10.00,636.10,"6,361.00",2024-03-14
1331,HRL,2024031405002790,55,6,20.00,636.10,"12,722.00",2024-03-14
1332,HRL,2024031405002791,55,10,20.00,636.10,"12,722.00",2024-03-14
1333,HRL,2024031405002792,26,52,10.00,637.00,"6,370.00",2024-03-14
1334,HRL,2024031405002793,26,10,10.00,637.00,"6,370.00",2024-03-14
1335,HRL,2024031405002794,55,10,10.00,636.10,"6,361.00",2024-03-14
1336,HRL,2024031405002795,55,32,20.00,636.10,"12,722.00",2024-03-14
1337,HRL,2024031405002796,55,10,20.00,636.10,"12,722.00",2024-03-14
1338,HRL,2024031405002797,55,19,10.00,636.10,"6,361.00",2024-03-14
1339,HRL,2024031405002800,55,35,10.00,636.10,"6,361.00",2024-03-14
1340,HRL,2024031405002803,55,6,20.00,636.10,"12,722.00",2024-03-14
1341,HRL,2024031405002804,55,10,20.00,636.10,"12,722.00",2024-03-14
1342,HRL,2024031405002805,55,51,10.00,636.10,"6,361.00",2024-03-14
1343,HRL,2024031405002809,55,10,20.00,636.10,"12,722.00",2024-03-14
1344,HRL,2024031405002811,55,10,20.00,636.10,"12,722.00",2024-03-14
1345,HRL,2024031405002815,55,10,20.00,636.10,"12,722.00",2024-03-14
1346,HRL,2024031405002817,55,10,20.00,636.10,"12,722.00",2024-03-14
1347,HRL,2024031405002821,55,10,20.00,636.10,"12,722.00",2024-03-14
1348,HRL,2024031405002822,45,25,10.00,636.00,"6,360.00",2024-03-14
1349,HRL,2024031405002823,45,44,10.00,636.00,"6,360.00",2024-03-14
1350,HRL,2024031405002824,57,49,20.00,637.00,"12,740.00",2024-03-14
1351,HRL,2024031405002825,45,10,20.00,636.00,"12,720.00",2024-03-14
1352,HRL,2024031405002826,45,45,10.00,636.00,"6,360.00",2024-03-14
1353,HRL,2024031405002827,66,51,30.00,636.00,"19,080.00",2024-03-14
1354,HRL,2024031405002828,66,10,20.00,636.00,"12,720.00",2024-03-14
1355,HRL,2024031405002829,66,10,20.00,636.00,"12,720.00",2024-03-14
1356,HRL,2024031405002830,66,16,20.00,636.00,"12,720.00",2024-03-14
1357,HRL,2024031405002831,66,10,30.00,636.00,"19,080.00",2024-03-14
1358,HRL,2024031405002832,66,39,380.00,636.00,"241,680.00",2024-03-14
1359,HRL,2024031405002833,39,39,20.00,636.00,"12,720.00",2024-03-14
1360,HRL,2024031405002834,39,64,30.00,636.00,"19,080.00",2024-03-14
1361,HRL,2024031405002835,7,64,300.00,635.70,"190,710.00",2024-03-14
1362,HRL,2024031405002836,50,64,990.00,635.60,"629,244.00",2024-03-14
1363,HRL,2024031405002837,38,64,10.00,635.60,"6,356.00",2024-03-14
1364,HRL,2024031405002838,57,64,10.00,635.60,"6,356.00",2024-03-14
1365,HRL,2024031405002839,26,64,40.00,635.50,"25,420.00",2024-03-14
1366,HRL,2024031405002840,82,64,890.00,635.00,"565,150.00",2024-03-14
1367,HRL,2024031405002841,41,64,500.00,635.00,"317,500.00",2024-03-14
1368,HRL,2024031405002842,19,64,10.00,635.00,"6,350.00",2024-03-14
1369,HRL,2024031405002844,34,64,20.00,635.00,"12,700.00",2024-03-14
1370,HRL,2024031405002845,1,64,200.00,634.00,"126,800.00",2024-03-14
1371,HRL,2024031405002846,35,64,314.00,634.00,"199,076.00",2024-03-14
1372,HRL,2024031405002847,38,64,190.00,633.10,"120,289.00",2024-03-14
1373,HRL,2024031405002848,40,64,30.00,633.10,"18,993.00",2024-03-14
1374,HRL,2024031405002849,4,64,100.00,633.10,"63,310.00",2024-03-14
1375,HRL,2024031405002850,37,64,150.00,633.10,"94,965.00",2024-03-14
1376,HRL,2024031405002851,1,64,100.00,633.10,"63,310.00",2024-03-14
1377,HRL,2024031405002852,37,64,30.00,633.00,"18,990.00",2024-03-14
1378,HRL,2024031405002853,38,64,500.00,633.00,"316,500.00",2024-03-14
1379,HRL,2024031405002854,74,64,500.00,633.00,"316,500.00",2024-03-14
1380,HRL,2024031405002858,39,64,20.00,633.00,"12,660.00",2024-03-14
1381,HRL,2024031405002859,7,22,10.00,632.30,"6,323.00",2024-03-14
1382,HRL,2024031405002861,7,52,10.00,632.30,"6,323.00",2024-03-14
1383,HRL,2024031405002862,7,45,30.00,632.30,"18,969.00",2024-03-14
1384,HRL,2024031405002865,1,38,10.00,632.40,"6,324.00",2024-03-14
1385,HRL,2024031405002866,1,10,20.00,632.40,"12,648.00",2024-03-14
1386,HRL,2024031405002871,39,64,50.00,633.00,"31,650.00",2024-03-14
1387,HRL,2024031405002872,1,10,20.00,632.40,"12,648.00",2024-03-14
1388,HRL,2024031405002878,14,64,16.00,633.00,"10,128.00",2024-03-14
1389,HRL,2024031405002879,14,49,20.00,633.00,"12,660.00",2024-03-14
1390,HRL,2024031405002880,14,54,30.00,633.00,"18,990.00",2024-03-14
1391,HRL,2024031405002881,14,55,10.00,633.00,"6,330.00",2024-03-14
1392,HRL,2024031405002883,14,10,20.00,633.00,"12,660.00",2024-03-14
1393,HRL,2024031405002887,14,10,20.00,633.00,"12,660.00",2024-03-14
1394,HRL,2024031405002895,56,51,10.00,633.10,"6,331.00",2024-03-14
1395,HRL,2024031405002897,56,58,40.00,633.10,"25,324.00",2024-03-14
1396,HRL,2024031405002898,56,10,20.00,633.10,"12,662.00",2024-03-14
1397,HRL,2024031405002900,39,49,70.00,634.00,"44,380.00",2024-03-14
1398,HRL,2024031405002902,26,49,10.00,634.00,"6,340.00",2024-03-14
1399,HRL,2024031405002904,56,42,100.00,633.10,"63,310.00",2024-03-14
1400,HRL,2024031405002908,56,26,20.00,633.10,"12,662.00",2024-03-14
1401,HRL,2024031405002909,56,35,10.00,633.10,"6,331.00",2024-03-14
1402,HRL,2024031405002914,36,7,20.00,633.10,"12,662.00",2024-03-14
1403,HRL,2024031405002915,36,29,20.00,633.10,"12,662.00",2024-03-14
1404,HRL,2024031405002917,36,10,40.00,633.10,"25,324.00",2024-03-14
1405,HRL,2024031405002918,36,57,10.00,633.10,"6,331.00",2024-03-14
1406,HRL,2024031405002924,7,49,60.00,634.00,"38,040.00",2024-03-14
1407,HRL,2024031405002933,13,49,60.00,634.00,"38,040.00",2024-03-14
1408,HRL,2024031405002934,13,34,20.00,634.00,"12,680.00",2024-03-14
1409,HRL,2024031405002936,13,49,20.00,634.00,"12,680.00",2024-03-14
1410,HRL,2024031405002940,49,49,40.00,634.00,"25,360.00",2024-03-14
1411,HRL,2024031405002963,56,28,10.00,633.20,"6,332.00",2024-03-14
1412,HRL,2024031405002968,56,10,30.00,633.20,"18,996.00",2024-03-14
1413,HRL,2024031405002969,56,46,60.00,633.20,"37,992.00",2024-03-14
1414,HRL,2024031405002972,36,36,410.00,633.10,"259,571.00",2024-03-14
1415,HRL,2024031405002973,26,36,10.00,633.10,"6,331.00",2024-03-14
1416,HRL,2024031405002974,13,36,50.00,633.10,"31,655.00",2024-03-14
1417,HRL,2024031405002975,14,36,25.00,633.00,"15,825.00",2024-03-14
1418,HRL,2024031405002976,14,52,10.00,633.00,"6,330.00",2024-03-14
1419,HRL,2024031405002979,14,34,20.00,633.00,"12,660.00",2024-03-14
1420,HRL,2024031405002981,14,35,10.00,633.00,"6,330.00",2024-03-14
1421,HRL,2024031405002982,14,35,10.00,633.00,"6,330.00",2024-03-14
1422,HRL,2024031405002985,49,34,20.00,633.00,"12,660.00",2024-03-14
1423,HRL,2024031405002986,55,3,20.00,633.00,"12,660.00",2024-03-14
1424,HRL,2024031405002987,55,42,30.00,633.00,"18,990.00",2024-03-14
1425,HRL,2024031405002988,33,58,100.00,633.00,"63,300.00",2024-03-14
1426,HRL,2024031405002989,13,58,300.00,632.50,"189,750.00",2024-03-14
1427,HRL,2024031405002999,13,38,10.00,632.50,"6,325.00",2024-03-14
1428,HRL,2024031405003000,13,52,100.00,632.50,"63,250.00",2024-03-14
1429,HRL,2024031405003006,13,32,20.00,632.50,"12,650.00",2024-03-14
1430,HRL,2024031405003007,13,21,10.00,632.50,"6,325.00",2024-03-14
1431,HRL,2024031405003008,13,49,60.00,632.50,"37,950.00",2024-03-14
1432,HRL,2024031405003009,38,49,30.00,632.50,"18,975.00",2024-03-14
1433,HRL,2024031405003011,38,49,10.00,632.50,"6,325.00",2024-03-14
1434,HRL,2024031405003013,13,51,10.00,632.60,"6,326.00",2024-03-14
1435,HRL,2024031405003015,17,50,10.00,633.00,"6,330.00",2024-03-14
1436,HRL,2024031405003016,17,7,10.00,633.00,"6,330.00",2024-03-14
1437,HRL,2024031405003017,17,55,20.00,633.00,"12,660.00",2024-03-14
1438,HRL,2024031405003019,17,35,20.00,633.00,"12,660.00",2024-03-14
1439,HRL,2024031405003030,17,22,10.00,633.00,"6,330.00",2024-03-14
1440,HRL,2024031405003031,17,43,30.00,633.00,"18,990.00",2024-03-14
1441,HRL,2024031405003032,17,39,20.00,633.00,"12,660.00",2024-03-14
1442,HRL,2024031405003033,17,36,20.00,633.00,"12,660.00",2024-03-14
1443,HRL,2024031405003043,51,35,10.00,633.50,"6,335.00",2024-03-14
1444,HRL,2024031405003044,51,25,10.00,633.50,"6,335.00",2024-03-14
1445,HRL,2024031405003045,51,34,20.00,633.50,"12,670.00",2024-03-14
1446,HRL,2024031405003046,17,45,20.00,633.00,"12,660.00",2024-03-14
1447,HRL,2024031405003047,17,19,20.00,633.00,"12,660.00",2024-03-14
1448,HRL,2024031405003048,17,34,20.00,633.00,"12,660.00",2024-03-14
1449,HRL,2024031405003049,17,36,20.00,633.00,"12,660.00",2024-03-14
1450,HRL,2024031405003056,49,3,30.00,633.50,"19,005.00",2024-03-14
1451,HRL,2024031405003057,17,36,20.00,633.00,"12,660.00",2024-03-14
1452,HRL,2024031405003058,17,34,20.00,633.00,"12,660.00",2024-03-14
1453,HRL,2024031405003059,17,41,10.00,633.00,"6,330.00",2024-03-14
1454,HRL,2024031405003060,17,45,10.00,633.00,"6,330.00",2024-03-14
1455,HRL,2024031405003061,17,36,20.00,633.00,"12,660.00",2024-03-14
1456,HRL,2024031405003062,17,34,20.00,633.00,"12,660.00",2024-03-14
1457,HRL,2024031405003064,17,34,20.00,633.00,"12,660.00",2024-03-14
1458,HRL,2024031405003072,56,58,10.00,633.10,"6,331.00",2024-03-14
1459,HRL,2024031405003073,56,91,10.00,633.10,"6,331.00",2024-03-14
1460,HRL,2024031405003074,56,59,20.00,633.10,"12,662.00",2024-03-14
1461,HRL,2024031405003075,56,34,20.00,633.10,"12,662.00",2024-03-14
1462,HRL,2024031405003076,56,43,10.00,633.10,"6,331.00",2024-03-14
1463,HRL,2024031405003077,56,28,30.00,633.10,"18,993.00",2024-03-14
1464,HRL,2024031405003096,56,22,20.00,633.10,"12,662.00",2024-03-14
1465,HRL,2024031405003097,38,34,20.00,634.00,"12,680.00",2024-03-14
1466,HRL,2024031405003098,38,19,10.00,634.00,"6,340.00",2024-03-14
1467,HRL,2024031405003099,38,56,150.00,634.00,"95,100.00",2024-03-14
1468,HRL,2024031405003100,38,8,10.00,634.00,"6,340.00",2024-03-14
1469,HRL,2024031405003101,38,35,10.00,634.00,"6,340.00",2024-03-14
1470,HRL,2024031405003105,56,35,20.00,633.10,"12,662.00",2024-03-14
1471,HRL,2024031405003106,56,34,20.00,633.10,"12,662.00",2024-03-14
1472,HRL,2024031405003110,56,34,20.00,633.10,"12,662.00",2024-03-14
1473,HRL,2024031405003113,56,45,20.00,633.10,"12,662.00",2024-03-14
1474,HRL,2024031405003115,66,7,20.00,633.10,"12,662.00",2024-03-14
1475,HRL,2024031405003117,66,34,20.00,633.10,"12,662.00",2024-03-14
1476,HRL,2024031405003118,66,45,10.00,635.00,"6,350.00",2024-03-14
1477,HRL,2024031405003119,66,1,10.00,635.00,"6,350.00",2024-03-14
1478,HRL,2024031405003127,66,16,20.00,633.10,"12,662.00",2024-03-14
1479,HRL,2024031405003131,66,57,40.00,633.10,"25,324.00",2024-03-14
1480,HRL,2024031405003132,17,57,160.00,633.00,"101,280.00",2024-03-14
1481,HRL,2024031405003133,17,52,10.00,633.50,"6,335.00",2024-03-14
1482,HRL,2024031405003134,17,34,20.00,633.50,"12,670.00",2024-03-14
1483,HRL,2024031405003135,7,34,20.00,633.60,"12,672.00",2024-03-14
1484,HRL,2024031405003137,7,58,10.00,633.60,"6,336.00",2024-03-14
1485,HRL,2024031405003138,7,45,10.00,633.60,"6,336.00",2024-03-14
1486,HRL,2024031405003139,7,34,10.00,633.60,"6,336.00",2024-03-14
1487,HRL,2024031405003140,17,34,10.00,633.50,"6,335.00",2024-03-14
1488,HRL,2024031405003141,1,34,20.00,633.60,"12,672.00",2024-03-14
1489,HRL,2024031405003142,49,42,10.00,634.00,"6,340.00",2024-03-14
1490,HRL,2024031405003143,1,39,20.00,633.60,"12,672.00",2024-03-14
1491,HRL,2024031405003144,1,34,20.00,633.60,"12,672.00",2024-03-14
1492,HRL,2024031405003145,1,77,145.00,633.60,"91,872.00",2024-03-14
1493,HRL,2024031405003146,33,58,10.00,634.00,"6,340.00",2024-03-14
1494,HRL,2024031405003147,1,7,20.00,633.60,"12,672.00",2024-03-14
1495,HRL,2024031405003150,1,57,10.00,633.60,"6,336.00",2024-03-14
