SN,Symbol,Transaction No.,Buyer Broker,Seller Broker,Share Quantity,Rate(Rs),Amount(Rs),Traded Date
1,HRL,2024022705000001,38,49,10.00,616.00,"6,160.00",2024-02-27
2,HRL,2024022705000003,45,26,10.00,616.10,"6,161.00",2024-02-27
3,HRL,2024022705000004,45,45,10.00,616.10,"6,161.00",2024-02-27
4,HRL,2024022705000008,45,49,10.00,616.10,"6,161.00",2024-02-27
5,HRL,2024022705000009,45,36,10.00,616.10,"6,161.00",2024-02-27
6,HRL,2024022705000010,45,35,10.00,616.10,"6,161.00",2024-02-27
7,HRL,2024022705000011,7,6,10.00,616.20,"6,162.00",2024-02-27
8,HRL,2024022705000012,7,58,10.00,616.20,"6,162.00",2024-02-27
9,HRL,2024022705000013,7,8,10.00,616.20,"6,162.00",2024-02-27
10,HRL,2024022705000014,69,35,10.00,618.00,"6,180.00",2024-02-27
11,HRL,2024022705000015,69,58,10.00,618.00,"6,180.00",2024-02-27
12,HRL,2024022705000016,69,54,10.00,618.00,"6,180.00",2024-02-27
13,HRL,2024022705000017,69,37,10.00,619.00,"6,190.00",2024-02-27
14,HRL,2024022705000020,58,38,10.00,617.00,"6,170.00",2024-02-27
15,HRL,2024022705000021,26,28,10.00,617.50,"6,175.00",2024-02-27
16,HRL,2024022705000023,58,7,20.00,617.00,"12,340.00",2024-02-27
17,HRL,2024022705000026,58,59,10.00,617.00,"6,170.00",2024-02-27
18,HRL,2024022705000027,58,41,10.00,617.00,"6,170.00",2024-02-27
19,HRL,2024022705000032,62,71,10.00,619.00,"6,190.00",2024-02-27
20,HRL,2024022705000033,58,57,50.00,617.00,"30,850.00",2024-02-27
21,HRL,2024022705000034,7,57,40.00,617.00,"24,680.00",2024-02-27
22,HRL,2024022705000036,7,38,10.00,617.00,"6,170.00",2024-02-27
23,HRL,2024022705000038,17,36,10.00,617.10,"6,171.00",2024-02-27
24,HRL,2024022705000039,7,58,20.00,617.00,"12,340.00",2024-02-27
25,HRL,2024022705000041,43,41,28.00,618.90,"17,329.20",2024-02-27
26,HRL,2024022705000042,45,45,20.00,617.10,"12,342.00",2024-02-27
27,HRL,2024022705000049,45,36,10.00,617.10,"6,171.00",2024-02-27
28,HRL,2024022705000052,13,38,10.00,617.20,"6,172.00",2024-02-27
29,HRL,2024022705000053,13,55,90.00,617.20,"55,548.00",2024-02-27
30,HRL,2024022705000054,7,55,50.00,617.20,"30,860.00",2024-02-27
31,HRL,2024022705000055,45,55,10.00,617.10,"6,171.00",2024-02-27
32,HRL,2024022705000059,45,42,10.00,617.10,"6,171.00",2024-02-27
33,HRL,2024022705000060,56,42,20.00,616.50,"12,330.00",2024-02-27
34,HRL,2024022705000063,54,49,10.00,617.20,"6,172.00",2024-02-27
35,HRL,2024022705000064,56,58,20.00,616.50,"12,330.00",2024-02-27
36,HRL,2024022705000066,56,43,20.00,616.50,"12,330.00",2024-02-27
37,HRL,2024022705000067,54,35,10.00,617.00,"6,170.00",2024-02-27
38,HRL,2024022705000070,56,28,10.00,616.50,"6,165.00",2024-02-27
39,HRL,2024022705000071,94,35,10.00,617.00,"6,170.00",2024-02-27
40,HRL,2024022705000072,94,58,10.00,617.20,"6,172.00",2024-02-27
41,HRL,2024022705000073,94,43,10.00,618.00,"6,180.00",2024-02-27
42,HRL,2024022705000074,94,49,10.00,618.00,"6,180.00",2024-02-27
43,HRL,2024022705000075,56,49,20.00,616.50,"12,330.00",2024-02-27
44,HRL,2024022705000077,56,49,10.00,616.50,"6,165.00",2024-02-27
45,HRL,2024022705000080,56,36,10.00,616.50,"6,165.00",2024-02-27
46,HRL,2024022705000082,56,42,10.00,616.50,"6,165.00",2024-02-27
47,HRL,2024022705000083,56,22,20.00,616.50,"12,330.00",2024-02-27
48,HRL,2024022705000085,56,11,10.00,616.50,"6,165.00",2024-02-27
49,HRL,2024022705000086,56,58,10.00,616.50,"6,165.00",2024-02-27
50,HRL,2024022705000087,14,58,10.00,617.00,"6,170.00",2024-02-27
51,HRL,2024022705000088,14,42,10.00,617.00,"6,170.00",2024-02-27
52,HRL,2024022705000089,14,45,20.00,617.00,"12,340.00",2024-02-27
53,HRL,2024022705000090,14,41,10.00,617.00,"6,170.00",2024-02-27
54,HRL,2024022705000091,14,58,10.00,617.00,"6,170.00",2024-02-27
55,HRL,2024022705000093,14,48,10.00,617.00,"6,170.00",2024-02-27
56,HRL,2024022705000094,14,49,10.00,617.00,"6,170.00",2024-02-27
57,HRL,2024022705000096,14,42,10.00,617.00,"6,170.00",2024-02-27
58,HRL,2024022705000097,14,55,10.00,617.00,"6,170.00",2024-02-27
59,HRL,2024022705000098,14,32,20.00,617.00,"12,340.00",2024-02-27
60,HRL,2024022705000099,14,34,10.00,617.00,"6,170.00",2024-02-27
61,HRL,2024022705000100,14,58,20.00,617.00,"12,340.00",2024-02-27
62,HRL,2024022705000101,14,58,20.00,617.00,"12,340.00",2024-02-27
63,HRL,2024022705000103,14,42,10.00,617.00,"6,170.00",2024-02-27
64,HRL,2024022705000104,14,54,10.00,617.00,"6,170.00",2024-02-27
65,HRL,2024022705000105,17,4,20.00,617.10,"12,342.00",2024-02-27
66,HRL,2024022705000106,17,58,10.00,618.00,"6,180.00",2024-02-27
67,HRL,2024022705000107,17,45,10.00,618.00,"6,180.00",2024-02-27
68,HRL,2024022705000108,38,57,10.00,617.10,"6,171.00",2024-02-27
69,HRL,2024022705000109,38,42,10.00,617.10,"6,171.00",2024-02-27
70,HRL,2024022705000110,38,28,20.00,617.10,"12,342.00",2024-02-27
71,HRL,2024022705000111,38,17,10.00,617.10,"6,171.00",2024-02-27
72,HRL,2024022705000112,38,58,20.00,617.10,"12,342.00",2024-02-27
73,HRL,2024022705000113,38,14,10.00,617.10,"6,171.00",2024-02-27
74,HRL,2024022705000114,38,57,20.00,617.10,"12,342.00",2024-02-27
75,HRL,2024022705000115,14,57,10.00,617.00,"6,170.00",2024-02-27
76,HRL,2024022705000116,94,57,20.00,617.00,"12,340.00",2024-02-27
77,HRL,2024022705000117,94,58,20.00,617.00,"12,340.00",2024-02-27
78,HRL,2024022705000118,94,28,10.00,617.00,"6,170.00",2024-02-27
79,HRL,2024022705000119,94,6,10.00,617.00,"6,170.00",2024-02-27
80,HRL,2024022705000122,94,77,20.00,617.00,"12,340.00",2024-02-27
81,HRL,2024022705000123,94,42,20.00,617.00,"12,340.00",2024-02-27
82,HRL,2024022705000124,94,59,10.00,617.00,"6,170.00",2024-02-27
83,HRL,2024022705000125,94,8,10.00,617.00,"6,170.00",2024-02-27
84,HRL,2024022705000127,94,58,10.00,617.00,"6,170.00",2024-02-27
85,HRL,2024022705000128,94,21,10.00,617.00,"6,170.00",2024-02-27
86,HRL,2024022705000129,94,49,10.00,617.00,"6,170.00",2024-02-27
87,HRL,2024022705000131,1,49,10.00,617.00,"6,170.00",2024-02-27
88,HRL,2024022705000132,1,56,20.00,617.00,"12,340.00",2024-02-27
89,HRL,2024022705000133,1,17,10.00,617.00,"6,170.00",2024-02-27
90,HRL,2024022705000134,1,55,10.00,617.00,"6,170.00",2024-02-27
91,HRL,2024022705000135,22,58,10.00,617.00,"6,170.00",2024-02-27
92,HRL,2024022705000139,56,33,10.00,616.50,"6,165.00",2024-02-27
93,HRL,2024022705000141,56,58,10.00,616.50,"6,165.00",2024-02-27
94,HRL,2024022705000145,56,51,10.00,616.50,"6,165.00",2024-02-27
95,HRL,2024022705000147,56,45,10.00,616.50,"6,165.00",2024-02-27
96,HRL,2024022705000148,22,58,10.00,617.00,"6,170.00",2024-02-27
97,HRL,2024022705000149,22,75,10.00,617.00,"6,170.00",2024-02-27
98,HRL,2024022705000150,22,28,10.00,617.00,"6,170.00",2024-02-27
99,HRL,2024022705000153,22,58,10.00,617.00,"6,170.00",2024-02-27
100,HRL,2024022705000154,56,58,10.00,616.50,"6,165.00",2024-02-27
101,HRL,2024022705000155,56,58,10.00,616.50,"6,165.00",2024-02-27
102,HRL,2024022705000156,56,38,20.00,616.50,"12,330.00",2024-02-27
103,HRL,2024022705000159,21,41,10.00,617.90,"6,179.00",2024-02-27
104,HRL,2024022705000162,52,58,10.00,617.00,"6,170.00",2024-02-27
105,HRL,2024022705000166,52,55,10.00,617.00,"6,170.00",2024-02-27
106,HRL,2024022705000168,52,10,10.00,617.00,"6,170.00",2024-02-27
107,HRL,2024022705000170,56,10,260.00,616.50,"160,290.00",2024-02-27
108,HRL,2024022705000171,42,10,30.00,616.10,"18,483.00",2024-02-27
109,HRL,2024022705000172,42,36,30.00,616.10,"18,483.00",2024-02-27
110,HRL,2024022705000175,42,33,10.00,616.10,"6,161.00",2024-02-27
111,HRL,2024022705000176,42,57,30.00,616.10,"18,483.00",2024-02-27
112,HRL,2024022705000177,50,57,200.00,616.10,"123,220.00",2024-02-27
113,HRL,2024022705000178,49,57,255.00,616.10,"157,105.50",2024-02-27
114,HRL,2024022705000179,38,57,15.00,616.00,"9,240.00",2024-02-27
115,HRL,2024022705000180,65,57,200.00,616.00,"123,200.00",2024-02-27
116,HRL,2024022705000181,1,57,100.00,616.00,"61,600.00",2024-02-27
117,HRL,2024022705000182,47,57,"1,000.00",616.00,"616,000.00",2024-02-27
118,HRL,2024022705000183,94,57,50.00,616.00,"30,800.00",2024-02-27
119,HRL,2024022705000184,51,57,40.00,616.00,"24,640.00",2024-02-27
120,HRL,2024022705000188,50,55,20.00,612.30,"12,246.00",2024-02-27
121,HRL,2024022705000190,50,58,10.00,612.30,"6,123.00",2024-02-27
122,HRL,2024022705000192,72,8,10.00,612.40,"6,124.00",2024-02-27
123,HRL,2024022705000198,37,58,10.00,612.50,"6,125.00",2024-02-27
124,HRL,2024022705000205,50,28,10.00,612.70,"6,127.00",2024-02-27
125,HRL,2024022705000207,50,53,10.00,612.70,"6,127.00",2024-02-27
126,HRL,2024022705000211,29,33,20.00,613.00,"12,260.00",2024-02-27
127,HRL,2024022705000220,42,50,10.00,613.10,"6,131.00",2024-02-27
128,HRL,2024022705000227,42,53,50.00,613.10,"30,655.00",2024-02-27
129,HRL,2024022705000228,42,53,10.00,613.10,"6,131.00",2024-02-27
130,HRL,2024022705000232,56,46,20.00,615.00,"12,300.00",2024-02-27
131,HRL,2024022705000233,56,41,10.00,615.00,"6,150.00",2024-02-27
132,HRL,2024022705000234,56,33,30.00,615.00,"18,450.00",2024-02-27
133,HRL,2024022705000235,56,36,20.00,616.00,"12,320.00",2024-02-27
134,HRL,2024022705000237,42,58,10.00,613.10,"6,131.00",2024-02-27
135,HRL,2024022705000242,37,34,10.00,613.20,"6,132.00",2024-02-27
136,HRL,2024022705000246,42,6,10.00,613.10,"6,131.00",2024-02-27
137,HRL,2024022705000248,4,8,10.00,615.00,"6,150.00",2024-02-27
138,HRL,2024022705000249,4,57,10.00,616.00,"6,160.00",2024-02-27
139,HRL,2024022705000250,4,5,30.00,616.00,"18,480.00",2024-02-27
140,HRL,2024022705000252,42,58,10.00,613.10,"6,131.00",2024-02-27
141,HRL,2024022705000263,29,46,20.00,613.00,"12,260.00",2024-02-27
142,HRL,2024022705000264,29,34,10.00,613.00,"6,130.00",2024-02-27
143,HRL,2024022705000265,62,58,10.00,613.10,"6,131.00",2024-02-27
144,HRL,2024022705000266,62,35,10.00,613.10,"6,131.00",2024-02-27
145,HRL,2024022705000269,94,28,10.00,612.70,"6,127.00",2024-02-27
146,HRL,2024022705000275,94,35,10.00,612.70,"6,127.00",2024-02-27
147,HRL,2024022705000276,50,48,10.00,612.30,"6,123.00",2024-02-27
148,HRL,2024022705000277,50,59,10.00,612.30,"6,123.00",2024-02-27
149,HRL,2024022705000278,50,55,20.00,612.30,"12,246.00",2024-02-27
150,HRL,2024022705000281,50,56,10.00,612.30,"6,123.00",2024-02-27
151,HRL,2024022705000282,72,17,20.00,612.20,"12,244.00",2024-02-27
152,HRL,2024022705000283,72,58,10.00,612.20,"6,122.00",2024-02-27
153,HRL,2024022705000284,4,13,20.00,613.00,"12,260.00",2024-02-27
154,HRL,2024022705000287,72,58,20.00,612.20,"12,244.00",2024-02-27
155,HRL,2024022705000288,72,45,20.00,612.20,"12,244.00",2024-02-27
156,HRL,2024022705000292,72,19,20.00,612.20,"12,244.00",2024-02-27
157,HRL,2024022705000293,57,51,20.00,612.10,"12,242.00",2024-02-27
158,HRL,2024022705000295,45,36,20.00,612.30,"12,246.00",2024-02-27
159,HRL,2024022705000296,57,56,100.00,612.10,"61,210.00",2024-02-27
160,HRL,2024022705000298,42,94,10.00,612.20,"6,122.00",2024-02-27
161,HRL,2024022705000299,54,58,10.00,613.00,"6,130.00",2024-02-27
162,HRL,2024022705000300,42,51,10.00,612.20,"6,122.00",2024-02-27
163,HRL,2024022705000302,42,58,20.00,612.20,"12,244.00",2024-02-27
164,HRL,2024022705000304,42,58,30.00,612.20,"18,366.00",2024-02-27
165,HRL,2024022705000310,42,26,20.00,612.20,"12,244.00",2024-02-27
166,HRL,2024022705000312,42,28,20.00,612.20,"12,244.00",2024-02-27
167,HRL,2024022705000314,42,32,10.00,612.20,"6,122.00",2024-02-27
168,HRL,2024022705000317,57,1,10.00,612.10,"6,121.00",2024-02-27
169,HRL,2024022705000318,57,28,10.00,612.10,"6,121.00",2024-02-27
170,HRL,2024022705000323,57,58,10.00,612.10,"6,121.00",2024-02-27
171,HRL,2024022705000324,44,58,10.00,612.00,"6,120.00",2024-02-27
172,HRL,2024022705000326,44,46,10.00,612.00,"6,120.00",2024-02-27
173,HRL,2024022705000328,44,7,30.00,612.00,"18,360.00",2024-02-27
174,HRL,2024022705000330,48,42,20.00,612.00,"12,240.00",2024-02-27
175,HRL,2024022705000335,13,56,10.00,612.00,"6,120.00",2024-02-27
176,HRL,2024022705000337,13,35,10.00,612.00,"6,120.00",2024-02-27
177,HRL,2024022705000338,13,14,10.00,612.00,"6,120.00",2024-02-27
178,HRL,2024022705000342,28,58,10.00,612.10,"6,121.00",2024-02-27
179,HRL,2024022705000343,28,53,70.00,612.20,"42,854.00",2024-02-27
180,HRL,2024022705000344,28,49,10.00,612.20,"6,122.00",2024-02-27
181,HRL,2024022705000349,28,48,10.00,612.20,"6,122.00",2024-02-27
182,HRL,2024022705000355,53,57,20.00,613.00,"12,260.00",2024-02-27
183,HRL,2024022705000356,53,34,10.00,613.00,"6,130.00",2024-02-27
184,HRL,2024022705000357,53,49,10.00,613.00,"6,130.00",2024-02-27
185,HRL,2024022705000358,53,38,10.00,613.00,"6,130.00",2024-02-27
186,HRL,2024022705000359,56,44,10.00,612.50,"6,125.00",2024-02-27
187,HRL,2024022705000361,56,58,10.00,612.50,"6,125.00",2024-02-27
188,HRL,2024022705000362,39,45,20.00,613.00,"12,260.00",2024-02-27
189,HRL,2024022705000365,56,36,20.00,612.50,"12,250.00",2024-02-27
190,HRL,2024022705000371,56,58,10.00,612.50,"6,125.00",2024-02-27
191,HRL,2024022705000373,54,45,10.00,613.00,"6,130.00",2024-02-27
192,HRL,2024022705000374,54,42,10.00,613.00,"6,130.00",2024-02-27
193,HRL,2024022705000377,57,58,10.00,613.00,"6,130.00",2024-02-27
194,HRL,2024022705000378,57,52,10.00,613.00,"6,130.00",2024-02-27
195,HRL,2024022705000379,57,26,10.00,613.00,"6,130.00",2024-02-27
196,HRL,2024022705000380,57,72,10.00,613.00,"6,130.00",2024-02-27
197,HRL,2024022705000381,57,34,10.00,613.00,"6,130.00",2024-02-27
198,HRL,2024022705000382,56,58,10.00,614.00,"6,140.00",2024-02-27
199,HRL,2024022705000383,56,58,10.00,614.00,"6,140.00",2024-02-27
200,HRL,2024022705000384,68,6,10.00,614.50,"6,145.00",2024-02-27
201,HRL,2024022705000386,56,68,10.00,614.50,"6,145.00",2024-02-27
202,HRL,2024022705000387,56,57,20.00,614.50,"12,290.00",2024-02-27
203,HRL,2024022705000388,57,38,10.00,613.00,"6,130.00",2024-02-27
204,HRL,2024022705000389,57,11,20.00,613.00,"12,260.00",2024-02-27
205,HRL,2024022705000392,46,42,10.00,613.10,"6,131.00",2024-02-27
206,HRL,2024022705000395,58,46,10.00,613.90,"6,139.00",2024-02-27
207,HRL,2024022705000398,46,48,10.00,613.10,"6,131.00",2024-02-27
208,HRL,2024022705000400,46,59,30.00,613.10,"18,393.00",2024-02-27
209,HRL,2024022705000402,46,29,20.00,613.10,"12,262.00",2024-02-27
210,HRL,2024022705000407,46,4,20.00,613.10,"12,262.00",2024-02-27
211,HRL,2024022705000415,57,14,10.00,613.00,"6,130.00",2024-02-27
212,HRL,2024022705000416,57,1,10.00,613.00,"6,130.00",2024-02-27
213,HRL,2024022705000417,49,17,10.00,613.00,"6,130.00",2024-02-27
214,HRL,2024022705000418,43,17,10.00,612.50,"6,125.00",2024-02-27
215,HRL,2024022705000419,28,17,10.00,612.20,"6,122.00",2024-02-27
216,HRL,2024022705000424,40,45,10.00,612.10,"6,121.00",2024-02-27
217,HRL,2024022705000427,40,52,30.00,612.10,"18,363.00",2024-02-27
218,HRL,2024022705000428,11,58,10.00,613.00,"6,130.00",2024-02-27
219,HRL,2024022705000431,40,1,10.00,612.10,"6,121.00",2024-02-27
220,HRL,2024022705000435,40,51,10.00,612.10,"6,121.00",2024-02-27
221,HRL,2024022705000437,40,58,30.00,612.10,"18,363.00",2024-02-27
222,HRL,2024022705000438,40,58,10.00,612.10,"6,121.00",2024-02-27
223,HRL,2024022705000441,50,42,10.00,612.20,"6,122.00",2024-02-27
224,HRL,2024022705000442,50,41,10.00,612.20,"6,122.00",2024-02-27
225,HRL,2024022705000448,43,58,10.00,613.00,"6,130.00",2024-02-27
226,HRL,2024022705000449,43,58,10.00,613.00,"6,130.00",2024-02-27
227,HRL,2024022705000450,43,38,20.00,613.00,"12,260.00",2024-02-27
228,HRL,2024022705000452,43,49,10.00,613.00,"6,130.00",2024-02-27
229,HRL,2024022705000453,59,58,40.00,613.10,"24,524.00",2024-02-27
230,HRL,2024022705000454,59,58,10.00,613.10,"6,131.00",2024-02-27
231,HRL,2024022705000456,43,58,10.00,613.00,"6,130.00",2024-02-27
232,HRL,2024022705000457,43,58,20.00,613.00,"12,260.00",2024-02-27
233,HRL,2024022705000461,43,21,20.00,613.00,"12,260.00",2024-02-27
234,HRL,2024022705000462,53,21,10.00,613.00,"6,130.00",2024-02-27
235,HRL,2024022705000463,52,17,10.00,613.00,"6,130.00",2024-02-27
236,HRL,2024022705000464,52,28,10.00,613.00,"6,130.00",2024-02-27
237,HRL,2024022705000465,55,28,10.00,613.00,"6,130.00",2024-02-27
238,HRL,2024022705000467,55,36,20.00,613.00,"12,260.00",2024-02-27
239,HRL,2024022705000469,55,48,10.00,613.00,"6,130.00",2024-02-27
240,HRL,2024022705000470,55,59,20.00,613.00,"12,260.00",2024-02-27
241,HRL,2024022705000471,55,58,10.00,613.00,"6,130.00",2024-02-27
242,HRL,2024022705000472,55,32,10.00,613.00,"6,130.00",2024-02-27
243,HRL,2024022705000480,45,17,10.00,613.10,"6,131.00",2024-02-27
244,HRL,2024022705000481,45,35,10.00,613.10,"6,131.00",2024-02-27
245,HRL,2024022705000483,45,57,83.00,613.10,"50,887.30",2024-02-27
246,HRL,2024022705000485,45,49,10.00,613.10,"6,131.00",2024-02-27
247,HRL,2024022705000487,45,45,10.00,613.10,"6,131.00",2024-02-27
248,HRL,2024022705000488,45,42,10.00,613.10,"6,131.00",2024-02-27
249,HRL,2024022705000491,13,56,10.00,613.20,"6,132.00",2024-02-27
250,HRL,2024022705000493,13,58,20.00,613.20,"12,264.00",2024-02-27
251,HRL,2024022705000494,13,22,20.00,613.20,"12,264.00",2024-02-27
252,HRL,2024022705000495,45,51,10.00,613.10,"6,131.00",2024-02-27
253,HRL,2024022705000497,45,42,20.00,613.10,"12,262.00",2024-02-27
254,HRL,2024022705000498,45,49,20.00,613.10,"12,262.00",2024-02-27
255,HRL,2024022705000499,45,41,10.00,613.10,"6,131.00",2024-02-27
256,HRL,2024022705000501,45,22,10.00,613.10,"6,131.00",2024-02-27
257,HRL,2024022705000502,45,42,10.00,613.10,"6,131.00",2024-02-27
258,HRL,2024022705000504,35,36,20.00,613.20,"12,264.00",2024-02-27
259,HRL,2024022705000505,35,58,20.00,613.20,"12,264.00",2024-02-27
260,HRL,2024022705000506,45,36,287.00,613.10,"175,959.70",2024-02-27
261,HRL,2024022705000507,55,36,"1,713.00",613.00,"1,050,069.00",2024-02-27
262,HRL,2024022705000508,58,45,20.00,613.10,"12,262.00",2024-02-27
263,HRL,2024022705000509,58,58,10.00,613.20,"6,132.00",2024-02-27
264,HRL,2024022705000510,58,47,10.00,613.20,"6,132.00",2024-02-27
265,HRL,2024022705000511,58,40,40.00,613.20,"24,528.00",2024-02-27
266,HRL,2024022705000512,55,40,207.00,613.00,"126,891.00",2024-02-27
267,HRL,2024022705000513,50,35,10.00,612.50,"6,125.00",2024-02-27
268,HRL,2024022705000514,37,40,10.00,613.00,"6,130.00",2024-02-27
269,HRL,2024022705000515,50,32,70.00,612.50,"42,875.00",2024-02-27
270,HRL,2024022705000516,5,32,100.00,612.30,"61,230.00",2024-02-27
271,HRL,2024022705000517,56,32,420.00,612.20,"257,124.00",2024-02-27
272,HRL,2024022705000518,40,32,100.00,612.10,"61,210.00",2024-02-27
273,HRL,2024022705000519,55,32,"2,000.00",612.10,"1,224,200.00",2024-02-27
274,HRL,2024022705000520,13,32,120.00,612.00,"73,440.00",2024-02-27
275,HRL,2024022705000521,70,32,15.00,612.00,"9,180.00",2024-02-27
276,HRL,2024022705000522,54,32,10.00,612.00,"6,120.00",2024-02-27
277,HRL,2024022705000523,94,32,100.00,612.00,"61,200.00",2024-02-27
278,HRL,2024022705000524,70,32,25.00,612.00,"15,300.00",2024-02-27
279,HRL,2024022705000525,34,32,200.00,612.00,"122,400.00",2024-02-27
280,HRL,2024022705000526,26,32,600.00,612.00,"367,200.00",2024-02-27
281,HRL,2024022705000527,26,32,10.00,611.00,"6,110.00",2024-02-27
282,HRL,2024022705000528,14,32,120.00,611.00,"73,320.00",2024-02-27
283,HRL,2024022705000539,14,56,10.00,611.00,"6,110.00",2024-02-27
284,HRL,2024022705000541,14,59,20.00,611.00,"12,220.00",2024-02-27
285,HRL,2024022705000542,26,49,20.00,612.00,"12,240.00",2024-02-27
286,HRL,2024022705000543,14,53,10.00,611.00,"6,110.00",2024-02-27
287,HRL,2024022705000544,34,25,10.00,612.00,"6,120.00",2024-02-27
288,HRL,2024022705000545,14,3,10.00,611.00,"6,110.00",2024-02-27
289,HRL,2024022705000547,14,56,10.00,611.00,"6,110.00",2024-02-27
290,HRL,2024022705000551,14,45,10.00,611.00,"6,110.00",2024-02-27
291,HRL,2024022705000552,14,7,110.00,611.00,"67,210.00",2024-02-27
292,HRL,2024022705000553,3,7,50.00,610.50,"30,525.00",2024-02-27
293,HRL,2024022705000554,57,7,340.00,610.50,"207,570.00",2024-02-27
294,HRL,2024022705000560,50,14,10.00,610.60,"6,106.00",2024-02-27
295,HRL,2024022705000561,50,36,10.00,610.60,"6,106.00",2024-02-27
296,HRL,2024022705000562,50,34,10.00,610.60,"6,106.00",2024-02-27
297,HRL,2024022705000563,50,42,10.00,610.60,"6,106.00",2024-02-27
298,HRL,2024022705000565,57,58,20.00,611.00,"12,220.00",2024-02-27
299,HRL,2024022705000568,57,59,20.00,611.00,"12,220.00",2024-02-27
300,HRL,2024022705000569,57,49,20.00,611.00,"12,220.00",2024-02-27
301,HRL,2024022705000572,57,1,20.00,611.00,"12,220.00",2024-02-27
302,HRL,2024022705000573,57,49,20.00,611.00,"12,220.00",2024-02-27
303,HRL,2024022705000578,50,32,10.00,610.60,"6,106.00",2024-02-27
304,HRL,2024022705000583,50,32,10.00,610.60,"6,106.00",2024-02-27
305,HRL,2024022705000584,50,52,10.00,610.60,"6,106.00",2024-02-27
306,HRL,2024022705000587,50,3,10.00,610.60,"6,106.00",2024-02-27
307,HRL,2024022705000588,50,32,10.00,610.60,"6,106.00",2024-02-27
308,HRL,2024022705000592,59,49,10.00,611.00,"6,110.00",2024-02-27
309,HRL,2024022705000593,59,4,10.00,611.00,"6,110.00",2024-02-27
310,HRL,2024022705000594,59,6,10.00,611.00,"6,110.00",2024-02-27
311,HRL,2024022705000596,50,32,10.00,610.60,"6,106.00",2024-02-27
312,HRL,2024022705000597,57,42,150.00,610.50,"91,575.00",2024-02-27
313,HRL,2024022705000598,57,56,10.00,610.50,"6,105.00",2024-02-27
314,HRL,2024022705000600,28,32,10.00,610.60,"6,106.00",2024-02-27
315,HRL,2024022705000601,28,42,30.00,610.60,"18,318.00",2024-02-27
316,HRL,2024022705000602,28,57,10.00,610.60,"6,106.00",2024-02-27
317,HRL,2024022705000603,28,1,10.00,610.60,"6,106.00",2024-02-27
318,HRL,2024022705000604,4,55,10.00,610.70,"6,107.00",2024-02-27
319,HRL,2024022705000607,4,32,10.00,610.70,"6,107.00",2024-02-27
320,HRL,2024022705000608,4,49,10.00,610.70,"6,107.00",2024-02-27
321,HRL,2024022705000609,5,58,10.00,611.00,"6,110.00",2024-02-27
322,HRL,2024022705000610,5,43,30.00,611.00,"18,330.00",2024-02-27
323,HRL,2024022705000611,5,38,10.00,611.00,"6,110.00",2024-02-27
324,HRL,2024022705000616,46,32,10.00,610.80,"6,108.00",2024-02-27
325,HRL,2024022705000617,46,56,10.00,610.80,"6,108.00",2024-02-27
326,HRL,2024022705000619,42,46,10.00,611.00,"6,110.00",2024-02-27
327,HRL,2024022705000634,46,32,10.00,610.80,"6,108.00",2024-02-27
328,HRL,2024022705000639,46,71,10.00,610.80,"6,108.00",2024-02-27
329,HRL,2024022705000647,46,50,60.00,610.80,"36,648.00",2024-02-27
330,HRL,2024022705000648,48,50,150.00,610.80,"91,620.00",2024-02-27
331,HRL,2024022705000649,4,50,470.00,610.70,"287,029.00",2024-02-27
332,HRL,2024022705000650,26,50,100.00,610.70,"61,070.00",2024-02-27
333,HRL,2024022705000651,67,50,220.00,610.70,"134,354.00",2024-02-27
334,HRL,2024022705000653,53,43,10.00,611.00,"6,110.00",2024-02-27
335,HRL,2024022705000654,53,41,10.00,611.00,"6,110.00",2024-02-27
336,HRL,2024022705000655,53,52,20.00,611.00,"12,220.00",2024-02-27
337,HRL,2024022705000657,67,53,10.00,610.70,"6,107.00",2024-02-27
338,HRL,2024022705000658,42,6,10.00,611.00,"6,110.00",2024-02-27
339,HRL,2024022705000659,67,45,10.00,610.70,"6,107.00",2024-02-27
340,HRL,2024022705000660,67,41,10.00,610.70,"6,107.00",2024-02-27
341,HRL,2024022705000672,67,49,200.00,610.70,"122,140.00",2024-02-27
342,HRL,2024022705000673,67,51,10.00,610.70,"6,107.00",2024-02-27
343,HRL,2024022705000674,67,68,10.00,610.70,"6,107.00",2024-02-27
344,HRL,2024022705000675,67,7,20.00,610.70,"12,214.00",2024-02-27
345,HRL,2024022705000676,67,58,10.00,610.70,"6,107.00",2024-02-27
346,HRL,2024022705000681,28,32,40.00,610.60,"24,424.00",2024-02-27
347,HRL,2024022705000682,22,32,50.00,610.60,"30,530.00",2024-02-27
348,HRL,2024022705000684,54,35,10.00,610.50,"6,105.00",2024-02-27
349,HRL,2024022705000685,1,42,10.00,610.40,"6,104.00",2024-02-27
350,HRL,2024022705000693,1,80,10.00,610.40,"6,104.00",2024-02-27
351,HRL,2024022705000696,1,34,10.00,610.40,"6,104.00",2024-02-27
352,HRL,2024022705000697,1,28,10.00,610.40,"6,104.00",2024-02-27
353,HRL,2024022705000698,1,58,10.00,610.40,"6,104.00",2024-02-27
354,HRL,2024022705000699,43,58,10.00,610.40,"6,104.00",2024-02-27
355,HRL,2024022705000700,43,58,10.00,610.40,"6,104.00",2024-02-27
356,HRL,2024022705000703,43,13,10.00,610.40,"6,104.00",2024-02-27
357,HRL,2024022705000706,43,37,10.00,610.40,"6,104.00",2024-02-27
358,HRL,2024022705000710,40,57,10.00,610.60,"6,106.00",2024-02-27
359,HRL,2024022705000711,40,57,10.00,611.00,"6,110.00",2024-02-27
360,HRL,2024022705000712,40,58,10.00,611.00,"6,110.00",2024-02-27
361,HRL,2024022705000713,40,85,110.00,611.00,"67,210.00",2024-02-27
362,HRL,2024022705000714,43,58,10.00,610.40,"6,104.00",2024-02-27
363,HRL,2024022705000718,40,49,10.00,612.00,"6,120.00",2024-02-27
364,HRL,2024022705000719,40,14,10.00,612.00,"6,120.00",2024-02-27
365,HRL,2024022705000720,40,3,10.00,612.00,"6,120.00",2024-02-27
366,HRL,2024022705000721,40,6,20.00,612.00,"12,240.00",2024-02-27
367,HRL,2024022705000722,40,17,10.00,612.00,"6,120.00",2024-02-27
368,HRL,2024022705000723,40,41,20.00,612.00,"12,240.00",2024-02-27
369,HRL,2024022705000724,40,7,20.00,612.00,"12,240.00",2024-02-27
370,HRL,2024022705000725,40,17,20.00,612.00,"12,240.00",2024-02-27
371,HRL,2024022705000726,40,55,10.00,612.00,"6,120.00",2024-02-27
372,HRL,2024022705000727,52,45,10.00,610.20,"6,102.00",2024-02-27
373,HRL,2024022705000728,52,50,10.00,610.20,"6,102.00",2024-02-27
374,HRL,2024022705000729,5,25,10.00,610.20,"6,102.00",2024-02-27
375,HRL,2024022705000730,5,58,10.00,610.20,"6,102.00",2024-02-27
376,HRL,2024022705000731,5,75,10.00,610.20,"6,102.00",2024-02-27
377,HRL,2024022705000737,5,21,30.00,610.20,"18,306.00",2024-02-27
378,HRL,2024022705000739,5,42,10.00,610.20,"6,102.00",2024-02-27
379,HRL,2024022705000740,5,36,30.00,610.20,"18,306.00",2024-02-27
380,HRL,2024022705000741,17,36,30.00,610.10,"18,303.00",2024-02-27
381,HRL,2024022705000742,14,36,100.00,610.00,"61,000.00",2024-02-27
382,HRL,2024022705000743,7,36,93.00,610.00,"56,730.00",2024-02-27
383,HRL,2024022705000744,59,36,100.00,610.00,"61,000.00",2024-02-27
384,HRL,2024022705000745,16,36,500.00,610.00,"305,000.00",2024-02-27
385,HRL,2024022705000746,18,36,500.00,610.00,"305,000.00",2024-02-27
386,HRL,2024022705000747,42,36,500.00,610.00,"305,000.00",2024-02-27
387,HRL,2024022705000748,58,36,100.00,610.00,"61,000.00",2024-02-27
388,HRL,2024022705000749,54,36,47.00,610.00,"28,670.00",2024-02-27
389,HRL,2024022705000750,55,7,10.00,609.00,"6,090.00",2024-02-27
390,HRL,2024022705000752,14,13,10.00,609.10,"6,091.00",2024-02-27
391,HRL,2024022705000756,40,59,10.00,610.00,"6,100.00",2024-02-27
392,HRL,2024022705000757,40,7,10.00,610.00,"6,100.00",2024-02-27
393,HRL,2024022705000758,40,21,10.00,610.00,"6,100.00",2024-02-27
394,HRL,2024022705000763,40,37,10.00,610.00,"6,100.00",2024-02-27
395,HRL,2024022705000764,40,36,290.00,610.00,"176,900.00",2024-02-27
396,HRL,2024022705000770,14,42,20.00,609.10,"12,182.00",2024-02-27
397,HRL,2024022705000771,55,42,10.00,609.00,"6,090.00",2024-02-27
398,HRL,2024022705000772,29,36,20.00,610.00,"12,200.00",2024-02-27
399,HRL,2024022705000774,55,47,10.00,609.00,"6,090.00",2024-02-27
400,HRL,2024022705000775,55,46,10.00,609.00,"6,090.00",2024-02-27
401,HRL,2024022705000776,55,28,30.00,609.00,"18,270.00",2024-02-27
402,HRL,2024022705000778,55,57,30.00,609.00,"18,270.00",2024-02-27
403,HRL,2024022705000779,55,42,10.00,609.00,"6,090.00",2024-02-27
404,HRL,2024022705000782,55,22,390.00,609.00,"237,510.00",2024-02-27
405,HRL,2024022705000783,47,22,37.00,609.00,"22,533.00",2024-02-27
406,HRL,2024022705000784,26,22,10.00,609.00,"6,090.00",2024-02-27
407,HRL,2024022705000785,45,22,60.00,609.00,"36,540.00",2024-02-27
408,HRL,2024022705000787,33,32,20.00,608.30,"12,166.00",2024-02-27
409,HRL,2024022705000789,26,21,10.00,608.00,"6,080.00",2024-02-27
410,HRL,2024022705000791,55,56,10.00,608.00,"6,080.00",2024-02-27
411,HRL,2024022705000795,55,39,10.00,608.00,"6,080.00",2024-02-27
412,HRL,2024022705000796,55,13,10.00,608.00,"6,080.00",2024-02-27
413,HRL,2024022705000800,55,34,20.00,608.00,"12,160.00",2024-02-27
414,HRL,2024022705000801,55,42,20.00,608.00,"12,160.00",2024-02-27
415,HRL,2024022705000804,55,38,30.00,608.00,"18,240.00",2024-02-27
416,HRL,2024022705000805,21,52,10.00,608.00,"6,080.00",2024-02-27
417,HRL,2024022705000806,21,8,10.00,608.00,"6,080.00",2024-02-27
418,HRL,2024022705000809,58,21,10.00,608.00,"6,080.00",2024-02-27
419,HRL,2024022705000810,58,21,10.00,608.00,"6,080.00",2024-02-27
420,HRL,2024022705000811,58,56,10.00,608.00,"6,080.00",2024-02-27
421,HRL,2024022705000812,58,34,20.00,608.00,"12,160.00",2024-02-27
422,HRL,2024022705000813,28,28,10.00,607.20,"6,072.00",2024-02-27
423,HRL,2024022705000814,94,52,10.00,608.00,"6,080.00",2024-02-27
424,HRL,2024022705000815,94,58,10.00,608.00,"6,080.00",2024-02-27
425,HRL,2024022705000816,94,36,30.00,608.00,"18,240.00",2024-02-27
426,HRL,2024022705000817,28,58,30.00,607.20,"18,216.00",2024-02-27
427,HRL,2024022705000818,91,26,30.00,607.30,"18,219.00",2024-02-27
428,HRL,2024022705000819,91,19,170.00,607.30,"103,241.00",2024-02-27
429,HRL,2024022705000820,28,19,15.00,607.20,"9,108.00",2024-02-27
430,HRL,2024022705000822,28,46,10.00,607.20,"6,072.00",2024-02-27
431,HRL,2024022705000823,28,35,10.00,607.20,"6,072.00",2024-02-27
432,HRL,2024022705000824,28,34,20.00,607.20,"12,144.00",2024-02-27
433,HRL,2024022705000825,28,75,10.00,607.20,"6,072.00",2024-02-27
434,HRL,2024022705000826,28,45,10.00,607.20,"6,072.00",2024-02-27
435,HRL,2024022705000827,28,52,10.00,607.20,"6,072.00",2024-02-27
436,HRL,2024022705000828,1,58,50.00,607.30,"30,365.00",2024-02-27
437,HRL,2024022705000829,28,39,20.00,607.20,"12,144.00",2024-02-27
438,HRL,2024022705000834,28,26,10.00,607.20,"6,072.00",2024-02-27
439,HRL,2024022705000837,7,8,20.00,607.30,"12,146.00",2024-02-27
440,HRL,2024022705000838,7,55,20.00,607.30,"12,146.00",2024-02-27
441,HRL,2024022705000839,7,21,10.00,607.30,"6,073.00",2024-02-27
442,HRL,2024022705000845,55,4,10.00,608.00,"6,080.00",2024-02-27
443,HRL,2024022705000846,55,75,10.00,608.00,"6,080.00",2024-02-27
444,HRL,2024022705000847,55,52,20.00,608.00,"12,160.00",2024-02-27
445,HRL,2024022705000848,55,3,10.00,608.00,"6,080.00",2024-02-27
446,HRL,2024022705000849,55,49,10.00,608.00,"6,080.00",2024-02-27
447,HRL,2024022705000850,14,35,10.00,609.00,"6,090.00",2024-02-27
448,HRL,2024022705000853,55,35,20.00,609.00,"12,180.00",2024-02-27
449,HRL,2024022705000854,55,90,20.00,609.00,"12,180.00",2024-02-27
450,HRL,2024022705000859,56,49,10.00,608.10,"6,081.00",2024-02-27
451,HRL,2024022705000861,56,57,20.00,608.10,"12,162.00",2024-02-27
452,HRL,2024022705000862,56,52,10.00,608.10,"6,081.00",2024-02-27
453,HRL,2024022705000866,50,45,10.00,609.00,"6,090.00",2024-02-27
454,HRL,2024022705000867,50,42,10.00,609.00,"6,090.00",2024-02-27
455,HRL,2024022705000868,50,36,480.00,610.00,"292,800.00",2024-02-27
456,HRL,2024022705000881,56,75,10.00,608.10,"6,081.00",2024-02-27
457,HRL,2024022705000890,56,29,10.00,608.10,"6,081.00",2024-02-27
458,HRL,2024022705000892,56,38,20.00,608.10,"12,162.00",2024-02-27
459,HRL,2024022705000893,56,52,10.00,608.10,"6,081.00",2024-02-27
460,HRL,2024022705000894,56,55,10.00,608.10,"6,081.00",2024-02-27
461,HRL,2024022705000895,14,58,10.00,609.00,"6,090.00",2024-02-27
462,HRL,2024022705000896,44,35,10.00,608.10,"6,081.00",2024-02-27
463,HRL,2024022705000897,44,58,20.00,608.10,"12,162.00",2024-02-27
464,HRL,2024022705000898,44,34,10.00,608.10,"6,081.00",2024-02-27
465,HRL,2024022705000899,58,52,20.00,608.20,"12,164.00",2024-02-27
466,HRL,2024022705000901,58,34,10.00,608.20,"6,082.00",2024-02-27
467,HRL,2024022705000903,29,42,10.00,609.00,"6,090.00",2024-02-27
468,HRL,2024022705000913,56,52,10.00,609.00,"6,090.00",2024-02-27
469,HRL,2024022705000914,56,36,98.00,610.00,"59,780.00",2024-02-27
470,HRL,2024022705000916,34,8,20.00,608.30,"12,166.00",2024-02-27
471,HRL,2024022705000917,34,39,30.00,608.30,"18,249.00",2024-02-27
472,HRL,2024022705000920,34,8,20.00,608.30,"12,166.00",2024-02-27
473,HRL,2024022705000923,58,8,20.00,608.20,"12,164.00",2024-02-27
474,HRL,2024022705000926,58,57,10.00,608.20,"6,082.00",2024-02-27
475,HRL,2024022705000927,58,52,10.00,608.20,"6,082.00",2024-02-27
476,HRL,2024022705000931,56,52,20.00,608.30,"12,166.00",2024-02-27
477,HRL,2024022705000933,56,8,20.00,608.30,"12,166.00",2024-02-27
478,HRL,2024022705000938,56,3,20.00,608.30,"12,166.00",2024-02-27
479,HRL,2024022705000939,56,58,10.00,608.30,"6,083.00",2024-02-27
480,HRL,2024022705000941,56,58,10.00,608.30,"6,083.00",2024-02-27
481,HRL,2024022705000942,50,58,20.00,609.00,"12,180.00",2024-02-27
482,HRL,2024022705000946,56,57,10.00,608.30,"6,083.00",2024-02-27
483,HRL,2024022705000947,56,39,20.00,608.30,"12,166.00",2024-02-27
484,HRL,2024022705000956,58,29,20.00,608.20,"12,164.00",2024-02-27
485,HRL,2024022705000959,58,28,30.00,608.20,"18,246.00",2024-02-27
486,HRL,2024022705000960,50,8,10.00,608.30,"6,083.00",2024-02-27
487,HRL,2024022705000962,58,25,10.00,608.20,"6,082.00",2024-02-27
488,HRL,2024022705000964,58,39,10.00,608.20,"6,082.00",2024-02-27
489,HRL,2024022705000965,58,56,20.00,608.20,"12,164.00",2024-02-27
490,HRL,2024022705000967,58,49,10.00,608.20,"6,082.00",2024-02-27
491,HRL,2024022705000968,58,45,10.00,608.20,"6,082.00",2024-02-27
492,HRL,2024022705000970,58,58,20.00,608.20,"12,164.00",2024-02-27
493,HRL,2024022705000971,44,49,10.00,608.10,"6,081.00",2024-02-27
494,HRL,2024022705000972,44,33,10.00,608.10,"6,081.00",2024-02-27
495,HRL,2024022705000973,55,33,990.00,608.00,"601,920.00",2024-02-27
496,HRL,2024022705000974,55,66,710.00,608.00,"431,680.00",2024-02-27
497,HRL,2024022705000984,55,19,20.00,608.00,"12,160.00",2024-02-27
498,HRL,2024022705000985,58,58,10.00,609.00,"6,090.00",2024-02-27
499,HRL,2024022705000990,56,45,10.00,608.10,"6,081.00",2024-02-27
500,HRL,2024022705000991,56,4,10.00,608.10,"6,081.00",2024-02-27
501,HRL,2024022705000992,21,58,30.00,608.20,"18,246.00",2024-02-27
502,HRL,2024022705000994,56,39,10.00,608.10,"6,081.00",2024-02-27
503,HRL,2024022705000995,56,21,30.00,608.10,"18,243.00",2024-02-27
504,HRL,2024022705000996,22,47,20.00,608.20,"12,164.00",2024-02-27
505,HRL,2024022705000998,22,13,10.00,608.20,"6,082.00",2024-02-27
506,HRL,2024022705000999,22,39,10.00,608.20,"6,082.00",2024-02-27
507,HRL,2024022705001002,22,28,10.00,608.20,"6,082.00",2024-02-27
508,HRL,2024022705001030,22,58,10.00,608.20,"6,082.00",2024-02-27
509,HRL,2024022705001031,22,58,20.00,608.20,"12,164.00",2024-02-27
510,HRL,2024022705001033,22,42,120.00,608.20,"72,984.00",2024-02-27
511,HRL,2024022705001034,56,42,190.00,608.10,"115,539.00",2024-02-27
512,HRL,2024022705001035,55,42,720.00,608.00,"437,760.00",2024-02-27
513,HRL,2024022705001036,52,42,100.00,608.00,"60,800.00",2024-02-27
514,HRL,2024022705001037,80,42,100.00,608.00,"60,800.00",2024-02-27
515,HRL,2024022705001038,42,42,300.00,608.00,"182,400.00",2024-02-27
516,HRL,2024022705001039,58,42,10.00,608.00,"6,080.00",2024-02-27
517,HRL,2024022705001045,49,42,50.00,607.50,"30,375.00",2024-02-27
518,HRL,2024022705001046,34,42,50.00,607.30,"30,365.00",2024-02-27
519,HRL,2024022705001047,59,42,20.00,607.30,"12,146.00",2024-02-27
520,HRL,2024022705001048,28,42,520.00,607.20,"315,744.00",2024-02-27
521,HRL,2024022705001050,39,66,20.00,607.50,"12,150.00",2024-02-27
522,HRL,2024022705001051,72,56,20.00,607.30,"12,146.00",2024-02-27
523,HRL,2024022705001052,72,57,20.00,607.30,"12,146.00",2024-02-27
524,HRL,2024022705001069,72,38,10.00,607.30,"6,073.00",2024-02-27
525,HRL,2024022705001075,72,35,10.00,607.30,"6,073.00",2024-02-27
526,HRL,2024022705001077,72,46,20.00,607.30,"12,146.00",2024-02-27
527,HRL,2024022705001078,72,45,10.00,607.30,"6,073.00",2024-02-27
528,HRL,2024022705001079,72,34,10.00,607.30,"6,073.00",2024-02-27
529,HRL,2024022705001080,28,58,30.00,607.20,"18,216.00",2024-02-27
530,HRL,2024022705001081,28,49,10.00,607.20,"6,072.00",2024-02-27
531,HRL,2024022705001082,1,34,10.00,607.30,"6,073.00",2024-02-27
532,HRL,2024022705001097,28,38,10.00,607.20,"6,072.00",2024-02-27
533,HRL,2024022705001098,28,58,20.00,607.20,"12,144.00",2024-02-27
534,HRL,2024022705001101,28,90,10.00,607.20,"6,072.00",2024-02-27
535,HRL,2024022705001102,1,58,10.00,607.30,"6,073.00",2024-02-27
536,HRL,2024022705001103,28,34,20.00,607.20,"12,144.00",2024-02-27
537,HRL,2024022705001109,22,58,10.00,607.30,"6,073.00",2024-02-27
538,HRL,2024022705001110,28,52,10.00,607.20,"6,072.00",2024-02-27
539,HRL,2024022705001111,28,58,10.00,607.20,"6,072.00",2024-02-27
540,HRL,2024022705001112,1,46,10.00,607.30,"6,073.00",2024-02-27
541,HRL,2024022705001113,1,7,20.00,607.30,"12,146.00",2024-02-27
542,HRL,2024022705001118,28,57,10.00,607.20,"6,072.00",2024-02-27
543,HRL,2024022705001120,65,42,10.00,607.30,"6,073.00",2024-02-27
544,HRL,2024022705001121,28,40,20.00,607.20,"12,144.00",2024-02-27
545,HRL,2024022705001128,28,47,20.00,607.20,"12,144.00",2024-02-27
546,HRL,2024022705001129,28,74,155.00,607.20,"94,116.00",2024-02-27
547,HRL,2024022705001130,43,74,25.00,607.20,"15,180.00",2024-02-27
548,HRL,2024022705001131,57,74,100.00,607.20,"60,720.00",2024-02-27
549,HRL,2024022705001132,1,74,100.00,607.10,"60,710.00",2024-02-27
550,HRL,2024022705001133,16,74,20.00,607.10,"12,142.00",2024-02-27
551,HRL,2024022705001134,29,74,"1,000.00",607.00,"607,000.00",2024-02-27
552,HRL,2024022705001135,45,74,100.00,607.00,"60,700.00",2024-02-27
553,HRL,2024022705001136,38,74,25.00,607.00,"15,175.00",2024-02-27
554,HRL,2024022705001137,38,74,25.00,607.00,"15,175.00",2024-02-27
555,HRL,2024022705001138,52,74,200.00,607.00,"121,400.00",2024-02-27
556,HRL,2024022705001139,58,74,230.00,607.00,"139,610.00",2024-02-27
557,HRL,2024022705001142,58,56,20.00,607.00,"12,140.00",2024-02-27
558,HRL,2024022705001143,58,42,10.00,607.00,"6,070.00",2024-02-27
559,HRL,2024022705001146,58,58,20.00,607.00,"12,140.00",2024-02-27
560,HRL,2024022705001149,58,56,20.00,607.00,"12,140.00",2024-02-27
561,HRL,2024022705001151,58,21,10.00,607.00,"6,070.00",2024-02-27
562,HRL,2024022705001152,58,4,20.00,607.00,"12,140.00",2024-02-27
563,HRL,2024022705001154,46,57,10.00,607.30,"6,073.00",2024-02-27
564,HRL,2024022705001155,46,49,10.00,607.40,"6,074.00",2024-02-27
565,HRL,2024022705001158,46,58,20.00,607.40,"12,148.00",2024-02-27
566,HRL,2024022705001159,46,62,60.00,607.40,"36,444.00",2024-02-27
567,HRL,2024022705001160,58,52,10.00,607.00,"6,070.00",2024-02-27
568,HRL,2024022705001162,58,29,30.00,607.00,"18,210.00",2024-02-27
569,HRL,2024022705001165,58,49,10.00,607.00,"6,070.00",2024-02-27
570,HRL,2024022705001167,34,62,20.00,607.40,"12,148.00",2024-02-27
571,HRL,2024022705001168,28,28,10.00,607.10,"6,071.00",2024-02-27
572,HRL,2024022705001169,28,29,10.00,607.10,"6,071.00",2024-02-27
573,HRL,2024022705001170,58,29,10.00,607.00,"6,070.00",2024-02-27
574,HRL,2024022705001172,34,58,20.00,607.10,"12,142.00",2024-02-27
575,HRL,2024022705001174,58,4,20.00,607.00,"12,140.00",2024-02-27
576,HRL,2024022705001175,58,38,10.00,607.00,"6,070.00",2024-02-27
577,HRL,2024022705001177,58,45,10.00,607.00,"6,070.00",2024-02-27
578,HRL,2024022705001178,58,43,10.00,607.00,"6,070.00",2024-02-27
579,HRL,2024022705001179,58,43,10.00,607.00,"6,070.00",2024-02-27
580,HRL,2024022705001180,58,40,20.00,607.00,"12,140.00",2024-02-27
581,HRL,2024022705001181,58,58,10.00,607.00,"6,070.00",2024-02-27
582,HRL,2024022705001183,58,46,10.00,607.00,"6,070.00",2024-02-27
583,HRL,2024022705001184,39,38,10.00,607.10,"6,071.00",2024-02-27
584,HRL,2024022705001185,39,6,17.00,607.40,"10,325.80",2024-02-27
585,HRL,2024022705001189,50,58,10.00,607.10,"6,071.00",2024-02-27
586,HRL,2024022705001190,58,58,10.00,607.00,"6,070.00",2024-02-27
587,HRL,2024022705001191,25,62,100.00,607.90,"60,790.00",2024-02-27
588,HRL,2024022705001195,26,38,10.00,607.00,"6,070.00",2024-02-27
589,HRL,2024022705001196,26,6,10.00,607.00,"6,070.00",2024-02-27
590,HRL,2024022705001197,62,55,20.00,607.00,"12,140.00",2024-02-27
591,HRL,2024022705001198,62,52,30.00,607.00,"18,210.00",2024-02-27
592,HRL,2024022705001201,22,10,10.00,607.00,"6,070.00",2024-02-27
593,HRL,2024022705001202,22,25,10.00,607.00,"6,070.00",2024-02-27
594,HRL,2024022705001203,22,35,10.00,607.00,"6,070.00",2024-02-27
595,HRL,2024022705001207,19,52,10.00,607.10,"6,071.00",2024-02-27
596,HRL,2024022705001208,19,8,10.00,607.10,"6,071.00",2024-02-27
597,HRL,2024022705001210,22,36,20.00,607.00,"12,140.00",2024-02-27
598,HRL,2024022705001211,57,47,10.00,607.00,"6,070.00",2024-02-27
599,HRL,2024022705001212,56,58,10.00,607.30,"6,073.00",2024-02-27
600,HRL,2024022705001213,56,40,30.00,607.30,"18,219.00",2024-02-27
601,HRL,2024022705001215,56,42,10.00,607.30,"6,073.00",2024-02-27
602,HRL,2024022705001216,56,7,10.00,607.30,"6,073.00",2024-02-27
603,HRL,2024022705001217,56,10,20.00,607.30,"12,146.00",2024-02-27
604,HRL,2024022705001218,56,47,20.00,607.30,"12,146.00",2024-02-27
605,HRL,2024022705001221,26,58,10.00,607.10,"6,071.00",2024-02-27
606,HRL,2024022705001225,57,36,400.00,607.00,"242,800.00",2024-02-27
607,HRL,2024022705001226,57,47,20.00,607.00,"12,140.00",2024-02-27
608,HRL,2024022705001228,57,46,10.00,607.00,"6,070.00",2024-02-27
609,HRL,2024022705001229,57,33,20.00,607.00,"12,140.00",2024-02-27
610,HRL,2024022705001232,57,38,20.00,607.00,"12,140.00",2024-02-27
611,HRL,2024022705001233,57,18,520.00,607.00,"315,640.00",2024-02-27
612,HRL,2024022705001234,49,18,500.00,607.00,"303,500.00",2024-02-27
613,HRL,2024022705001235,42,18,10.00,607.00,"6,070.00",2024-02-27
614,HRL,2024022705001236,62,18,20.00,607.00,"12,140.00",2024-02-27
615,HRL,2024022705001237,62,42,10.00,607.00,"6,070.00",2024-02-27
616,HRL,2024022705001238,62,35,10.00,607.00,"6,070.00",2024-02-27
617,HRL,2024022705001239,62,52,10.00,607.00,"6,070.00",2024-02-27
618,HRL,2024022705001241,21,18,50.00,606.50,"30,325.00",2024-02-27
619,HRL,2024022705001242,58,18,10.00,606.30,"6,063.00",2024-02-27
620,HRL,2024022705001243,1,18,50.00,606.20,"30,310.00",2024-02-27
621,HRL,2024022705001244,57,18,299.00,606.20,"181,253.80",2024-02-27
622,HRL,2024022705001245,42,18,200.00,606.20,"121,240.00",2024-02-27
623,HRL,2024022705001246,91,18,500.00,606.10,"303,050.00",2024-02-27
624,HRL,2024022705001247,18,18,10.00,606.10,"6,061.00",2024-02-27
625,HRL,2024022705001248,58,18,50.00,606.10,"30,305.00",2024-02-27
626,HRL,2024022705001249,50,18,"1,000.00",606.00,"606,000.00",2024-02-27
627,HRL,2024022705001250,5,18,50.00,606.00,"30,300.00",2024-02-27
628,HRL,2024022705001251,29,18,20.00,606.00,"12,120.00",2024-02-27
629,HRL,2024022705001252,28,18,211.00,606.00,"127,866.00",2024-02-27
630,HRL,2024022705001254,28,25,10.00,606.00,"6,060.00",2024-02-27
631,HRL,2024022705001255,28,19,20.00,606.00,"12,120.00",2024-02-27
632,HRL,2024022705001256,28,59,10.00,606.00,"6,060.00",2024-02-27
633,HRL,2024022705001259,28,26,10.00,606.00,"6,060.00",2024-02-27
634,HRL,2024022705001260,5,49,25.00,606.10,"15,152.50",2024-02-27
635,HRL,2024022705001263,53,56,10.00,606.20,"6,062.00",2024-02-27
636,HRL,2024022705001264,53,49,10.00,606.20,"6,062.00",2024-02-27
637,HRL,2024022705001266,53,6,10.00,606.20,"6,062.00",2024-02-27
638,HRL,2024022705001267,53,19,10.00,606.20,"6,062.00",2024-02-27
639,HRL,2024022705001268,53,58,10.00,606.20,"6,062.00",2024-02-27
640,HRL,2024022705001269,5,32,175.00,606.10,"106,067.50",2024-02-27
641,HRL,2024022705001270,26,32,50.00,606.10,"30,305.00",2024-02-27
642,HRL,2024022705001271,8,32,145.00,606.10,"87,884.50",2024-02-27
643,HRL,2024022705001273,8,38,20.00,606.10,"12,122.00",2024-02-27
644,HRL,2024022705001274,8,45,10.00,606.10,"6,061.00",2024-02-27
645,HRL,2024022705001277,22,17,10.00,606.20,"6,062.00",2024-02-27
646,HRL,2024022705001278,22,52,10.00,606.20,"6,062.00",2024-02-27
647,HRL,2024022705001280,22,45,20.00,606.20,"12,124.00",2024-02-27
648,HRL,2024022705001287,17,6,10.00,606.40,"6,064.00",2024-02-27
649,HRL,2024022705001288,17,42,40.00,606.40,"24,256.00",2024-02-27
650,HRL,2024022705001289,19,42,50.00,606.40,"30,320.00",2024-02-27
651,HRL,2024022705001290,35,42,10.00,606.40,"6,064.00",2024-02-27
652,HRL,2024022705001291,35,58,10.00,607.00,"6,070.00",2024-02-27
653,HRL,2024022705001292,35,52,10.00,607.00,"6,070.00",2024-02-27
654,HRL,2024022705001293,35,57,20.00,607.00,"12,140.00",2024-02-27
655,HRL,2024022705001294,35,57,20.00,607.00,"12,140.00",2024-02-27
656,HRL,2024022705001298,35,44,10.00,607.00,"6,070.00",2024-02-27
657,HRL,2024022705001299,35,57,20.00,607.00,"12,140.00",2024-02-27
658,HRL,2024022705001300,35,28,10.00,607.00,"6,070.00",2024-02-27
659,HRL,2024022705001303,7,36,10.00,607.80,"6,078.00",2024-02-27
660,HRL,2024022705001304,19,46,10.00,607.20,"6,072.00",2024-02-27
661,HRL,2024022705001305,49,36,10.00,607.80,"6,078.00",2024-02-27
662,HRL,2024022705001306,49,13,20.00,608.00,"12,160.00",2024-02-27
663,HRL,2024022705001307,49,45,30.00,608.00,"18,240.00",2024-02-27
664,HRL,2024022705001308,49,54,20.00,608.00,"12,160.00",2024-02-27
665,HRL,2024022705001309,49,58,20.00,608.00,"12,160.00",2024-02-27
666,HRL,2024022705001310,49,45,30.00,608.00,"18,240.00",2024-02-27
667,HRL,2024022705001311,49,48,20.00,608.00,"12,160.00",2024-02-27
668,HRL,2024022705001312,49,58,30.00,608.00,"18,240.00",2024-02-27
669,HRL,2024022705001313,49,56,10.00,608.00,"6,080.00",2024-02-27
670,HRL,2024022705001314,49,42,10.00,608.00,"6,080.00",2024-02-27
671,HRL,2024022705001315,49,55,10.00,608.00,"6,080.00",2024-02-27
672,HRL,2024022705001316,49,58,10.00,608.00,"6,080.00",2024-02-27
673,HRL,2024022705001317,49,55,10.00,608.00,"6,080.00",2024-02-27
674,HRL,2024022705001318,49,17,20.00,608.00,"12,160.00",2024-02-27
675,HRL,2024022705001320,49,11,10.00,608.00,"6,080.00",2024-02-27
676,HRL,2024022705001323,49,8,30.00,608.00,"18,240.00",2024-02-27
677,HRL,2024022705001324,49,6,10.00,608.00,"6,080.00",2024-02-27
678,HRL,2024022705001327,49,7,10.00,608.00,"6,080.00",2024-02-27
679,HRL,2024022705001328,49,21,10.00,608.00,"6,080.00",2024-02-27
680,HRL,2024022705001329,52,58,10.00,608.20,"6,082.00",2024-02-27
681,HRL,2024022705001330,52,58,10.00,608.90,"6,089.00",2024-02-27
682,HRL,2024022705001332,49,52,10.00,608.00,"6,080.00",2024-02-27
683,HRL,2024022705001336,56,34,16.00,608.20,"9,731.20",2024-02-27
684,HRL,2024022705001337,49,58,10.00,608.00,"6,080.00",2024-02-27
685,HRL,2024022705001342,49,58,10.00,608.90,"6,089.00",2024-02-27
686,HRL,2024022705001344,67,3,10.00,608.10,"6,081.00",2024-02-27
687,HRL,2024022705001346,11,54,20.00,608.90,"12,178.00",2024-02-27
688,HRL,2024022705001347,11,50,10.00,608.90,"6,089.00",2024-02-27
689,HRL,2024022705001348,11,4,20.00,608.90,"12,178.00",2024-02-27
690,HRL,2024022705001349,67,58,10.00,608.10,"6,081.00",2024-02-27
691,HRL,2024022705001353,56,58,10.00,608.20,"6,082.00",2024-02-27
692,HRL,2024022705001355,35,22,10.00,608.30,"6,083.00",2024-02-27
693,HRL,2024022705001357,35,52,10.00,608.30,"6,083.00",2024-02-27
694,HRL,2024022705001360,35,58,10.00,608.30,"6,083.00",2024-02-27
695,HRL,2024022705001362,35,54,10.00,608.30,"6,083.00",2024-02-27
696,HRL,2024022705001363,19,14,10.00,608.40,"6,084.00",2024-02-27
697,HRL,2024022705001364,35,14,20.00,608.30,"12,166.00",2024-02-27
698,HRL,2024022705001365,14,52,10.00,608.40,"6,084.00",2024-02-27
699,HRL,2024022705001370,56,49,10.00,608.90,"6,089.00",2024-02-27
700,HRL,2024022705001371,56,4,150.00,609.00,"91,350.00",2024-02-27
701,HRL,2024022705001372,56,21,20.00,609.00,"12,180.00",2024-02-27
702,HRL,2024022705001373,56,34,10.00,609.00,"6,090.00",2024-02-27
703,HRL,2024022705001374,35,8,30.00,609.00,"18,270.00",2024-02-27
704,HRL,2024022705001375,35,55,20.00,609.00,"12,180.00",2024-02-27
705,HRL,2024022705001376,35,58,10.00,609.00,"6,090.00",2024-02-27
706,HRL,2024022705001377,35,55,20.00,609.00,"12,180.00",2024-02-27
707,HRL,2024022705001378,35,38,30.00,609.00,"18,270.00",2024-02-27
708,HRL,2024022705001379,35,7,10.00,609.00,"6,090.00",2024-02-27
709,HRL,2024022705001380,35,25,100.00,609.00,"60,900.00",2024-02-27
710,HRL,2024022705001381,35,38,10.00,609.00,"6,090.00",2024-02-27
711,HRL,2024022705001382,35,38,10.00,609.00,"6,090.00",2024-02-27
712,HRL,2024022705001383,35,16,100.00,609.00,"60,900.00",2024-02-27
713,HRL,2024022705001384,35,45,10.00,609.00,"6,090.00",2024-02-27
714,HRL,2024022705001385,35,36,150.00,609.00,"91,350.00",2024-02-27
715,HRL,2024022705001386,35,45,20.00,609.00,"12,180.00",2024-02-27
716,HRL,2024022705001389,35,38,30.00,609.00,"18,270.00",2024-02-27
717,HRL,2024022705001390,35,54,10.00,609.00,"6,090.00",2024-02-27
718,HRL,2024022705001392,35,19,10.00,609.00,"6,090.00",2024-02-27
719,HRL,2024022705001395,35,38,10.00,609.00,"6,090.00",2024-02-27
720,HRL,2024022705001398,8,55,10.00,609.10,"6,091.00",2024-02-27
721,HRL,2024022705001399,40,42,10.00,609.80,"6,098.00",2024-02-27
722,HRL,2024022705001400,40,45,30.00,609.90,"18,297.00",2024-02-27
723,HRL,2024022705001401,40,38,10.00,609.90,"6,099.00",2024-02-27
724,HRL,2024022705001402,14,36,30.00,610.00,"18,300.00",2024-02-27
725,HRL,2024022705001404,40,46,10.00,609.90,"6,099.00",2024-02-27
726,HRL,2024022705001405,40,38,10.00,609.90,"6,099.00",2024-02-27
727,HRL,2024022705001407,7,36,82.00,610.00,"50,020.00",2024-02-27
728,HRL,2024022705001408,7,39,10.00,610.00,"6,100.00",2024-02-27
729,HRL,2024022705001409,7,38,10.00,610.00,"6,100.00",2024-02-27
730,HRL,2024022705001410,7,25,10.00,610.00,"6,100.00",2024-02-27
731,HRL,2024022705001411,7,22,10.00,610.00,"6,100.00",2024-02-27
732,HRL,2024022705001412,7,34,10.00,610.00,"6,100.00",2024-02-27
733,HRL,2024022705001413,7,52,10.00,610.00,"6,100.00",2024-02-27
734,HRL,2024022705001414,7,52,10.00,610.00,"6,100.00",2024-02-27
735,HRL,2024022705001415,7,58,10.00,610.00,"6,100.00",2024-02-27
736,HRL,2024022705001416,7,58,20.00,610.00,"12,200.00",2024-02-27
737,HRL,2024022705001417,7,22,10.00,610.00,"6,100.00",2024-02-27
738,HRL,2024022705001418,7,49,10.00,610.00,"6,100.00",2024-02-27
739,HRL,2024022705001419,7,68,20.00,610.00,"12,200.00",2024-02-27
740,HRL,2024022705001420,7,35,10.00,610.00,"6,100.00",2024-02-27
741,HRL,2024022705001421,7,42,10.00,610.00,"6,100.00",2024-02-27
742,HRL,2024022705001422,7,58,10.00,610.00,"6,100.00",2024-02-27
743,HRL,2024022705001423,7,38,30.00,610.00,"18,300.00",2024-02-27
744,HRL,2024022705001424,7,58,10.00,610.00,"6,100.00",2024-02-27
745,HRL,2024022705001425,7,28,10.00,610.00,"6,100.00",2024-02-27
746,HRL,2024022705001426,7,57,20.00,610.00,"12,200.00",2024-02-27
747,HRL,2024022705001427,7,35,100.00,610.00,"61,000.00",2024-02-27
748,HRL,2024022705001428,7,34,10.00,610.00,"6,100.00",2024-02-27
749,HRL,2024022705001429,7,35,50.00,610.00,"30,500.00",2024-02-27
750,HRL,2024022705001430,7,87,10.00,610.00,"6,100.00",2024-02-27
751,HRL,2024022705001431,7,22,10.00,610.00,"6,100.00",2024-02-27
752,HRL,2024022705001432,7,34,10.00,610.00,"6,100.00",2024-02-27
753,HRL,2024022705001433,7,55,10.00,610.00,"6,100.00",2024-02-27
754,HRL,2024022705001434,7,58,20.00,610.00,"12,200.00",2024-02-27
755,HRL,2024022705001435,7,49,10.00,610.00,"6,100.00",2024-02-27
756,HRL,2024022705001436,7,58,10.00,610.00,"6,100.00",2024-02-27
757,HRL,2024022705001437,7,57,10.00,610.00,"6,100.00",2024-02-27
758,HRL,2024022705001438,7,42,10.00,610.00,"6,100.00",2024-02-27
759,HRL,2024022705001439,7,34,10.00,610.00,"6,100.00",2024-02-27
760,HRL,2024022705001440,7,58,10.00,610.00,"6,100.00",2024-02-27
761,HRL,2024022705001441,7,6,10.00,610.00,"6,100.00",2024-02-27
762,HRL,2024022705001442,7,58,10.00,610.00,"6,100.00",2024-02-27
763,HRL,2024022705001443,7,58,10.00,610.00,"6,100.00",2024-02-27
764,HRL,2024022705001444,7,4,10.00,610.00,"6,100.00",2024-02-27
765,HRL,2024022705001445,7,54,10.00,610.00,"6,100.00",2024-02-27
766,HRL,2024022705001446,7,41,10.00,610.00,"6,100.00",2024-02-27
767,HRL,2024022705001447,7,45,10.00,610.00,"6,100.00",2024-02-27
768,HRL,2024022705001448,7,52,100.00,610.00,"61,000.00",2024-02-27
769,HRL,2024022705001449,7,8,10.00,610.00,"6,100.00",2024-02-27
770,HRL,2024022705001450,7,17,10.00,610.00,"6,100.00",2024-02-27
771,HRL,2024022705001451,7,14,10.00,610.00,"6,100.00",2024-02-27
772,HRL,2024022705001452,7,58,20.00,610.00,"12,200.00",2024-02-27
773,HRL,2024022705001453,7,58,10.00,610.00,"6,100.00",2024-02-27
774,HRL,2024022705001454,7,51,30.00,610.00,"18,300.00",2024-02-27
775,HRL,2024022705001455,7,11,10.00,610.00,"6,100.00",2024-02-27
776,HRL,2024022705001456,7,58,10.00,610.00,"6,100.00",2024-02-27
777,HRL,2024022705001457,7,38,20.00,610.00,"12,200.00",2024-02-27
778,HRL,2024022705001459,7,38,10.00,610.00,"6,100.00",2024-02-27
779,HRL,2024022705001460,7,57,10.00,610.00,"6,100.00",2024-02-27
780,HRL,2024022705001461,7,46,10.00,610.00,"6,100.00",2024-02-27
781,HRL,2024022705001462,7,42,10.00,610.00,"6,100.00",2024-02-27
782,HRL,2024022705001463,40,7,30.00,610.10,"18,303.00",2024-02-27
783,HRL,2024022705001464,40,46,10.00,610.20,"6,102.00",2024-02-27
784,HRL,2024022705001465,40,55,10.00,610.40,"6,104.00",2024-02-27
785,HRL,2024022705001466,40,14,10.00,610.60,"6,106.00",2024-02-27
786,HRL,2024022705001467,40,22,10.00,611.00,"6,110.00",2024-02-27
787,HRL,2024022705001468,40,52,10.00,611.00,"6,110.00",2024-02-27
788,HRL,2024022705001469,40,38,10.00,611.00,"6,110.00",2024-02-27
789,HRL,2024022705001470,40,7,20.00,611.00,"12,220.00",2024-02-27
790,HRL,2024022705001471,40,58,10.00,611.00,"6,110.00",2024-02-27
791,HRL,2024022705001472,40,36,10.00,611.00,"6,110.00",2024-02-27
792,HRL,2024022705001473,40,22,10.00,611.00,"6,110.00",2024-02-27
793,HRL,2024022705001474,40,45,10.00,611.00,"6,110.00",2024-02-27
794,HRL,2024022705001477,57,56,10.00,612.00,"6,120.00",2024-02-27
795,HRL,2024022705001478,57,36,10.00,612.00,"6,120.00",2024-02-27
796,HRL,2024022705001479,57,34,10.00,612.00,"6,120.00",2024-02-27
797,HRL,2024022705001480,57,7,20.00,612.00,"12,240.00",2024-02-27
798,HRL,2024022705001481,57,58,10.00,612.00,"6,120.00",2024-02-27
799,HRL,2024022705001482,57,58,30.00,612.00,"18,360.00",2024-02-27
800,HRL,2024022705001483,57,17,10.00,612.00,"6,120.00",2024-02-27
801,HRL,2024022705001484,57,8,10.00,612.00,"6,120.00",2024-02-27
802,HRL,2024022705001491,57,74,30.00,612.00,"18,360.00",2024-02-27
803,HRL,2024022705001493,57,4,10.00,612.00,"6,120.00",2024-02-27
804,HRL,2024022705001494,40,40,80.00,613.00,"49,040.00",2024-02-27
805,HRL,2024022705001495,57,55,30.00,612.00,"18,360.00",2024-02-27
806,HRL,2024022705001497,57,22,10.00,612.00,"6,120.00",2024-02-27
807,HRL,2024022705001498,57,6,10.00,612.00,"6,120.00",2024-02-27
808,HRL,2024022705001500,57,45,20.00,612.00,"12,240.00",2024-02-27
809,HRL,2024022705001501,57,37,325.00,612.00,"198,900.00",2024-02-27
810,HRL,2024022705001502,44,37,175.00,612.00,"107,100.00",2024-02-27
811,HRL,2024022705001503,44,22,10.00,612.00,"6,120.00",2024-02-27
812,HRL,2024022705001504,44,57,10.00,612.00,"6,120.00",2024-02-27
813,HRL,2024022705001507,13,22,10.00,611.00,"6,110.00",2024-02-27
814,HRL,2024022705001510,13,21,10.00,611.00,"6,110.00",2024-02-27
815,HRL,2024022705001511,13,17,10.00,611.00,"6,110.00",2024-02-27
816,HRL,2024022705001512,13,58,10.00,611.00,"6,110.00",2024-02-27
817,HRL,2024022705001513,13,6,10.00,611.00,"6,110.00",2024-02-27
818,HRL,2024022705001514,13,49,30.00,611.00,"18,330.00",2024-02-27
819,HRL,2024022705001516,13,52,20.00,611.00,"12,220.00",2024-02-27
820,HRL,2024022705001518,58,52,10.00,611.00,"6,110.00",2024-02-27
821,HRL,2024022705001519,58,58,20.00,612.00,"12,240.00",2024-02-27
822,HRL,2024022705001521,8,22,10.00,609.10,"6,091.00",2024-02-27
823,HRL,2024022705001522,58,6,10.00,611.00,"6,110.00",2024-02-27
824,HRL,2024022705001523,67,34,10.00,610.00,"6,100.00",2024-02-27
825,HRL,2024022705001528,67,47,30.00,611.20,"18,336.00",2024-02-27
826,HRL,2024022705001529,67,19,10.00,611.20,"6,112.00",2024-02-27
827,HRL,2024022705001535,67,38,10.00,611.20,"6,112.00",2024-02-27
828,HRL,2024022705001536,58,45,10.00,612.00,"6,120.00",2024-02-27
829,HRL,2024022705001537,58,58,10.00,612.00,"6,120.00",2024-02-27
830,HRL,2024022705001538,58,5,10.00,612.00,"6,120.00",2024-02-27
831,HRL,2024022705001539,67,38,10.00,611.20,"6,112.00",2024-02-27
832,HRL,2024022705001545,67,49,100.00,611.20,"61,120.00",2024-02-27
833,HRL,2024022705001547,67,36,20.00,611.20,"12,224.00",2024-02-27
834,HRL,2024022705001548,67,58,10.00,611.20,"6,112.00",2024-02-27
835,HRL,2024022705001549,67,42,10.00,611.20,"6,112.00",2024-02-27
836,HRL,2024022705001552,67,45,10.00,611.20,"6,112.00",2024-02-27
837,HRL,2024022705001554,67,22,20.00,611.20,"12,224.00",2024-02-27
838,HRL,2024022705001555,67,49,10.00,611.20,"6,112.00",2024-02-27
839,HRL,2024022705001556,67,49,10.00,611.20,"6,112.00",2024-02-27
840,HRL,2024022705001558,67,42,10.00,611.20,"6,112.00",2024-02-27
841,HRL,2024022705001559,67,58,10.00,611.20,"6,112.00",2024-02-27
842,HRL,2024022705001563,67,36,10.00,611.20,"6,112.00",2024-02-27
843,HRL,2024022705001564,67,58,30.00,611.20,"18,336.00",2024-02-27
844,HRL,2024022705001567,67,58,10.00,611.20,"6,112.00",2024-02-27
845,HRL,2024022705001570,45,49,20.00,611.30,"12,226.00",2024-02-27
846,HRL,2024022705001578,45,42,10.00,611.30,"6,113.00",2024-02-27
847,HRL,2024022705001580,45,34,30.00,611.30,"18,339.00",2024-02-27
848,HRL,2024022705001583,45,40,20.00,611.30,"12,226.00",2024-02-27
849,HRL,2024022705001587,45,56,10.00,611.30,"6,113.00",2024-02-27
850,HRL,2024022705001589,45,21,10.00,611.30,"6,113.00",2024-02-27
851,HRL,2024022705001590,67,21,320.00,611.20,"195,584.00",2024-02-27
852,HRL,2024022705001591,19,21,50.00,611.20,"30,560.00",2024-02-27
853,HRL,2024022705001592,81,21,100.00,611.00,"61,100.00",2024-02-27
854,HRL,2024022705001593,49,21,370.00,610.10,"225,737.00",2024-02-27
855,HRL,2024022705001594,28,17,10.00,611.90,"6,119.00",2024-02-27
856,HRL,2024022705001595,28,58,10.00,612.00,"6,120.00",2024-02-27
857,HRL,2024022705001597,49,34,20.00,610.10,"12,202.00",2024-02-27
858,HRL,2024022705001599,49,58,10.00,610.10,"6,101.00",2024-02-27
859,HRL,2024022705001601,49,42,10.00,610.10,"6,101.00",2024-02-27
860,HRL,2024022705001602,29,53,10.00,610.20,"6,102.00",2024-02-27
861,HRL,2024022705001604,37,58,10.00,610.20,"6,102.00",2024-02-27
862,HRL,2024022705001607,37,3,20.00,610.20,"12,204.00",2024-02-27
863,HRL,2024022705001608,37,6,10.00,610.20,"6,102.00",2024-02-27
864,HRL,2024022705001610,37,38,10.00,610.20,"6,102.00",2024-02-27
865,HRL,2024022705001612,37,21,10.00,610.20,"6,102.00",2024-02-27
866,HRL,2024022705001613,37,52,20.00,610.20,"12,204.00",2024-02-27
867,HRL,2024022705001616,13,56,20.00,610.30,"12,206.00",2024-02-27
868,HRL,2024022705001617,13,41,10.00,610.30,"6,103.00",2024-02-27
869,HRL,2024022705001618,13,47,10.00,610.30,"6,103.00",2024-02-27
870,HRL,2024022705001627,49,35,10.00,610.50,"6,105.00",2024-02-27
871,HRL,2024022705001629,13,47,10.00,610.30,"6,103.00",2024-02-27
872,HRL,2024022705001630,13,4,10.00,610.30,"6,103.00",2024-02-27
873,HRL,2024022705001633,13,49,10.00,610.30,"6,103.00",2024-02-27
874,HRL,2024022705001636,13,35,10.00,610.30,"6,103.00",2024-02-27
875,HRL,2024022705001638,13,22,10.00,610.30,"6,103.00",2024-02-27
876,HRL,2024022705001643,13,68,20.00,610.30,"12,206.00",2024-02-27
877,HRL,2024022705001644,41,58,10.00,610.50,"6,105.00",2024-02-27
878,HRL,2024022705001645,41,32,10.00,610.50,"6,105.00",2024-02-27
879,HRL,2024022705001646,41,58,20.00,611.00,"12,220.00",2024-02-27
880,HRL,2024022705001647,41,38,100.00,611.00,"61,100.00",2024-02-27
881,HRL,2024022705001650,41,34,10.00,611.00,"6,110.00",2024-02-27
882,HRL,2024022705001651,41,39,30.00,611.00,"18,330.00",2024-02-27
883,HRL,2024022705001652,41,35,10.00,611.00,"6,110.00",2024-02-27
884,HRL,2024022705001653,41,58,10.00,611.00,"6,110.00",2024-02-27
885,HRL,2024022705001656,41,52,10.00,611.00,"6,110.00",2024-02-27
886,HRL,2024022705001657,41,63,10.00,611.00,"6,110.00",2024-02-27
887,HRL,2024022705001658,41,14,10.00,611.00,"6,110.00",2024-02-27
888,HRL,2024022705001660,41,57,50.00,611.00,"30,550.00",2024-02-27
889,HRL,2024022705001661,41,53,10.00,611.00,"6,110.00",2024-02-27
890,HRL,2024022705001665,41,45,10.00,611.00,"6,110.00",2024-02-27
891,HRL,2024022705001667,13,35,20.00,610.30,"12,206.00",2024-02-27
892,HRL,2024022705001674,13,49,10.00,610.30,"6,103.00",2024-02-27
893,HRL,2024022705001677,13,50,10.00,610.30,"6,103.00",2024-02-27
894,HRL,2024022705001680,13,26,10.00,610.30,"6,103.00",2024-02-27
895,HRL,2024022705001682,13,8,10.00,610.30,"6,103.00",2024-02-27
896,HRL,2024022705001683,13,58,10.00,610.30,"6,103.00",2024-02-27
897,HRL,2024022705001684,13,58,10.00,610.30,"6,103.00",2024-02-27
898,HRL,2024022705001685,13,8,10.00,610.30,"6,103.00",2024-02-27
899,HRL,2024022705001686,37,47,10.00,610.20,"6,102.00",2024-02-27
900,HRL,2024022705001687,37,8,10.00,610.20,"6,102.00",2024-02-27
901,HRL,2024022705001691,49,58,140.00,610.10,"85,414.00",2024-02-27
902,HRL,2024022705001692,17,58,360.00,610.10,"219,636.00",2024-02-27
903,HRL,2024022705001693,17,34,30.00,610.10,"18,303.00",2024-02-27
904,HRL,2024022705001694,58,68,6.00,609.00,"3,654.00",2024-02-27
905,HRL,2024022705001695,17,56,10.00,610.20,"6,102.00",2024-02-27
906,HRL,2024022705001696,17,34,30.00,610.20,"18,306.00",2024-02-27
907,HRL,2024022705001698,17,58,20.00,610.20,"12,204.00",2024-02-27
908,HRL,2024022705001706,37,55,10.00,610.30,"6,103.00",2024-02-27
909,HRL,2024022705001718,35,52,20.00,611.00,"12,220.00",2024-02-27
910,HRL,2024022705001719,37,56,20.00,610.30,"12,206.00",2024-02-27
911,HRL,2024022705001721,37,55,10.00,610.30,"6,103.00",2024-02-27
912,HRL,2024022705001722,37,56,10.00,610.30,"6,103.00",2024-02-27
913,HRL,2024022705001723,38,58,10.00,610.50,"6,105.00",2024-02-27
914,HRL,2024022705001724,38,3,10.00,611.00,"6,110.00",2024-02-27
915,HRL,2024022705001725,38,5,10.00,611.00,"6,110.00",2024-02-27
916,HRL,2024022705001727,38,17,10.00,611.00,"6,110.00",2024-02-27
917,HRL,2024022705001728,38,51,10.00,611.00,"6,110.00",2024-02-27
918,HRL,2024022705001730,38,4,20.00,611.00,"12,220.00",2024-02-27
919,HRL,2024022705001731,38,49,10.00,611.00,"6,110.00",2024-02-27
920,HRL,2024022705001732,38,38,10.00,611.00,"6,110.00",2024-02-27
921,HRL,2024022705001734,37,58,10.00,611.50,"6,115.00",2024-02-27
922,HRL,2024022705001735,37,57,10.00,612.00,"6,120.00",2024-02-27
923,HRL,2024022705001736,37,45,10.00,612.00,"6,120.00",2024-02-27
924,HRL,2024022705001737,37,57,10.00,612.00,"6,120.00",2024-02-27
925,HRL,2024022705001738,37,50,10.00,612.00,"6,120.00",2024-02-27
926,HRL,2024022705001739,37,14,10.00,612.00,"6,120.00",2024-02-27
927,HRL,2024022705001740,37,68,30.00,612.00,"18,360.00",2024-02-27
928,HRL,2024022705001741,37,58,10.00,612.00,"6,120.00",2024-02-27
929,HRL,2024022705001742,38,35,20.00,611.00,"12,220.00",2024-02-27
930,HRL,2024022705001743,38,6,10.00,611.00,"6,110.00",2024-02-27
931,HRL,2024022705001744,38,50,10.00,611.00,"6,110.00",2024-02-27
932,HRL,2024022705001746,38,35,10.00,611.00,"6,110.00",2024-02-27
933,HRL,2024022705001747,38,58,10.00,611.00,"6,110.00",2024-02-27
934,HRL,2024022705001750,37,49,20.00,611.10,"12,222.00",2024-02-27
935,HRL,2024022705001751,37,75,20.00,611.10,"12,222.00",2024-02-27
936,HRL,2024022705001752,37,28,10.00,611.10,"6,111.00",2024-02-27
937,HRL,2024022705001753,17,28,30.00,611.10,"18,333.00",2024-02-27
938,HRL,2024022705001754,13,42,10.00,611.20,"6,112.00",2024-02-27
939,HRL,2024022705001756,13,47,20.00,611.20,"12,224.00",2024-02-27
940,HRL,2024022705001759,13,58,10.00,611.20,"6,112.00",2024-02-27
941,HRL,2024022705001762,7,61,10.00,611.90,"6,119.00",2024-02-27
942,HRL,2024022705001763,7,52,30.00,612.00,"18,360.00",2024-02-27
943,HRL,2024022705001764,7,35,10.00,612.00,"6,120.00",2024-02-27
944,HRL,2024022705001765,7,58,10.00,612.00,"6,120.00",2024-02-27
945,HRL,2024022705001766,7,58,10.00,612.00,"6,120.00",2024-02-27
946,HRL,2024022705001767,7,41,10.00,612.00,"6,120.00",2024-02-27
947,HRL,2024022705001768,7,8,10.00,612.00,"6,120.00",2024-02-27
948,HRL,2024022705001769,7,58,10.00,612.00,"6,120.00",2024-02-27
949,HRL,2024022705001770,7,35,10.00,612.00,"6,120.00",2024-02-27
950,HRL,2024022705001771,7,42,10.00,612.00,"6,120.00",2024-02-27
951,HRL,2024022705001772,7,22,30.00,612.00,"18,360.00",2024-02-27
952,HRL,2024022705001773,7,45,10.00,612.00,"6,120.00",2024-02-27
953,HRL,2024022705001774,7,52,10.00,612.00,"6,120.00",2024-02-27
954,HRL,2024022705001776,17,56,20.00,612.10,"12,242.00",2024-02-27
955,HRL,2024022705001779,17,34,10.00,612.10,"6,121.00",2024-02-27
956,HRL,2024022705001781,17,42,10.00,612.10,"6,121.00",2024-02-27
957,HRL,2024022705001782,17,35,10.00,612.10,"6,121.00",2024-02-27
958,HRL,2024022705001783,94,17,10.00,612.10,"6,121.00",2024-02-27
959,HRL,2024022705001786,29,48,10.00,612.50,"6,125.00",2024-02-27
960,HRL,2024022705001787,17,58,10.00,612.20,"6,122.00",2024-02-27
961,HRL,2024022705001788,17,6,10.00,612.20,"6,122.00",2024-02-27
962,HRL,2024022705001790,17,3,20.00,612.20,"12,244.00",2024-02-27
963,HRL,2024022705001792,17,49,10.00,612.20,"6,122.00",2024-02-27
964,HRL,2024022705001795,94,26,10.00,612.10,"6,121.00",2024-02-27
965,HRL,2024022705001796,17,14,10.00,612.50,"6,125.00",2024-02-27
966,HRL,2024022705001797,17,50,10.00,612.50,"6,125.00",2024-02-27
967,HRL,2024022705001798,17,54,60.00,612.80,"36,768.00",2024-02-27
968,HRL,2024022705001799,17,34,20.00,612.90,"12,258.00",2024-02-27
969,HRL,2024022705001800,17,91,100.00,612.90,"61,290.00",2024-02-27
970,HRL,2024022705001801,17,45,10.00,612.90,"6,129.00",2024-02-27
971,HRL,2024022705001802,17,13,20.00,612.90,"12,258.00",2024-02-27
972,HRL,2024022705001803,17,40,363.00,613.00,"222,519.00",2024-02-27
973,HRL,2024022705001804,17,11,10.00,613.00,"6,130.00",2024-02-27
974,HRL,2024022705001805,17,58,10.00,613.00,"6,130.00",2024-02-27
975,HRL,2024022705001806,17,11,10.00,613.00,"6,130.00",2024-02-27
976,HRL,2024022705001807,17,38,10.00,613.00,"6,130.00",2024-02-27
977,HRL,2024022705001808,17,47,10.00,613.00,"6,130.00",2024-02-27
978,HRL,2024022705001809,17,11,10.00,613.00,"6,130.00",2024-02-27
979,HRL,2024022705001810,17,58,10.00,613.00,"6,130.00",2024-02-27
980,HRL,2024022705001811,17,3,10.00,613.00,"6,130.00",2024-02-27
981,HRL,2024022705001812,17,36,10.00,613.00,"6,130.00",2024-02-27
982,HRL,2024022705001813,17,49,10.00,613.00,"6,130.00",2024-02-27
983,HRL,2024022705001814,17,8,10.00,613.00,"6,130.00",2024-02-27
984,HRL,2024022705001815,17,35,10.00,613.00,"6,130.00",2024-02-27
985,HRL,2024022705001816,17,22,10.00,613.00,"6,130.00",2024-02-27
986,HRL,2024022705001817,17,58,10.00,613.00,"6,130.00",2024-02-27
987,HRL,2024022705001818,17,22,10.00,613.00,"6,130.00",2024-02-27
988,HRL,2024022705001819,17,57,20.00,613.00,"12,260.00",2024-02-27
989,HRL,2024022705001820,17,22,10.00,613.00,"6,130.00",2024-02-27
990,HRL,2024022705001821,17,35,20.00,613.00,"12,260.00",2024-02-27
991,HRL,2024022705001822,17,5,10.00,613.00,"6,130.00",2024-02-27
992,HRL,2024022705001823,17,49,10.00,613.00,"6,130.00",2024-02-27
993,HRL,2024022705001824,17,34,20.00,613.00,"12,260.00",2024-02-27
994,HRL,2024022705001825,17,4,50.00,613.00,"30,650.00",2024-02-27
995,HRL,2024022705001827,17,33,10.00,613.00,"6,130.00",2024-02-27
996,HRL,2024022705001828,17,10,107.00,613.00,"65,591.00",2024-02-27
997,HRL,2024022705001829,94,10,373.00,612.10,"228,313.30",2024-02-27
998,HRL,2024022705001830,13,10,160.00,612.20,"97,952.00",2024-02-27
999,HRL,2024022705001831,94,6,10.00,612.10,"6,121.00",2024-02-27
1000,HRL,2024022705001832,94,58,10.00,612.10,"6,121.00",2024-02-27
1001,HRL,2024022705001836,94,17,20.00,612.10,"12,242.00",2024-02-27
1002,HRL,2024022705001837,94,33,10.00,612.10,"6,121.00",2024-02-27
1003,HRL,2024022705001839,94,33,20.00,612.10,"12,242.00",2024-02-27
1004,HRL,2024022705001840,42,8,20.00,612.20,"12,244.00",2024-02-27
1005,HRL,2024022705001843,94,7,37.00,612.10,"22,647.70",2024-02-27
1006,HRL,2024022705001844,7,7,23.00,612.00,"14,076.00",2024-02-27
1007,HRL,2024022705001846,7,10,"1,315.00",612.00,"804,780.00",2024-02-27
1008,HRL,2024022705001847,57,7,100.00,612.00,"61,200.00",2024-02-27
1009,HRL,2024022705001848,57,57,52.00,612.00,"31,824.00",2024-02-27
1010,HRL,2024022705001851,52,13,20.00,611.90,"12,238.00",2024-02-27
1011,HRL,2024022705001854,52,51,10.00,611.20,"6,112.00",2024-02-27
1012,HRL,2024022705001856,17,57,170.00,611.10,"103,887.00",2024-02-27
1013,HRL,2024022705001857,38,43,40.00,611.00,"24,440.00",2024-02-27
1014,HRL,2024022705001858,38,49,10.00,611.00,"6,110.00",2024-02-27
1015,HRL,2024022705001860,57,57,13.00,611.10,"7,944.30",2024-02-27
1016,HRL,2024022705001861,42,58,10.00,611.00,"6,110.00",2024-02-27
1017,HRL,2024022705001867,42,38,10.00,611.00,"6,110.00",2024-02-27
1018,HRL,2024022705001868,42,57,65.00,611.00,"39,715.00",2024-02-27
1019,HRL,2024022705001869,42,42,10.00,611.00,"6,110.00",2024-02-27
1020,HRL,2024022705001871,42,7,10.00,611.00,"6,110.00",2024-02-27
1021,HRL,2024022705001872,42,45,10.00,611.00,"6,110.00",2024-02-27
1022,HRL,2024022705001873,42,57,10.00,611.00,"6,110.00",2024-02-27
1023,HRL,2024022705001874,42,71,10.00,611.00,"6,110.00",2024-02-27
1024,HRL,2024022705001875,42,58,10.00,611.00,"6,110.00",2024-02-27
1025,HRL,2024022705001876,43,51,10.00,611.20,"6,112.00",2024-02-27
1026,HRL,2024022705001880,42,62,158.00,611.00,"96,538.00",2024-02-27
1027,HRL,2024022705001881,44,62,100.00,610.30,"61,030.00",2024-02-27
1028,HRL,2024022705001882,17,62,140.00,610.20,"85,428.00",2024-02-27
1029,HRL,2024022705001883,16,62,200.00,610.20,"122,040.00",2024-02-27
1030,HRL,2024022705001884,17,62,610.00,610.10,"372,161.00",2024-02-27
1031,HRL,2024022705001885,57,62,200.00,610.10,"122,020.00",2024-02-27
1032,HRL,2024022705001886,49,62,"1,092.00",610.00,"666,120.00",2024-02-27
1033,HRL,2024022705001887,49,87,20.00,610.00,"12,200.00",2024-02-27
1034,HRL,2024022705001889,49,25,10.00,610.00,"6,100.00",2024-02-27
1035,HRL,2024022705001892,49,35,10.00,610.00,"6,100.00",2024-02-27
1036,HRL,2024022705001893,49,53,10.00,610.00,"6,100.00",2024-02-27
1037,HRL,2024022705001895,49,64,10.00,610.00,"6,100.00",2024-02-27
1038,HRL,2024022705001896,49,35,10.00,610.00,"6,100.00",2024-02-27
1039,HRL,2024022705001903,49,34,10.00,610.00,"6,100.00",2024-02-27
1040,HRL,2024022705001909,49,22,30.00,610.00,"18,300.00",2024-02-27
1041,HRL,2024022705001917,49,22,50.00,610.00,"30,500.00",2024-02-27
1042,HRL,2024022705001922,49,42,10.00,610.00,"6,100.00",2024-02-27
1043,HRL,2024022705001923,49,4,10.00,610.00,"6,100.00",2024-02-27
1044,HRL,2024022705001924,49,14,20.00,610.00,"12,200.00",2024-02-27
1045,HRL,2024022705001925,49,45,10.00,610.00,"6,100.00",2024-02-27
1046,HRL,2024022705001928,49,57,20.00,610.00,"12,200.00",2024-02-27
1047,HRL,2024022705001929,49,14,20.00,610.00,"12,200.00",2024-02-27
1048,HRL,2024022705001930,49,21,10.00,610.00,"6,100.00",2024-02-27
1049,HRL,2024022705001931,49,14,20.00,610.00,"12,200.00",2024-02-27
1050,HRL,2024022705001932,49,32,10.00,610.00,"6,100.00",2024-02-27
1051,HRL,2024022705001933,49,35,20.00,610.00,"12,200.00",2024-02-27
1052,HRL,2024022705001934,49,14,20.00,610.00,"12,200.00",2024-02-27
1053,HRL,2024022705001938,49,52,10.00,610.00,"6,100.00",2024-02-27
1054,HRL,2024022705001940,49,14,20.00,610.00,"12,200.00",2024-02-27
1055,HRL,2024022705001941,49,25,10.00,610.00,"6,100.00",2024-02-27
1056,HRL,2024022705001943,49,14,20.00,610.00,"12,200.00",2024-02-27
1057,HRL,2024022705001944,49,4,18.00,610.00,"10,980.00",2024-02-27
1058,HRL,2024022705001945,21,4,12.00,610.00,"7,320.00",2024-02-27
1059,HRL,2024022705001948,43,14,20.00,610.00,"12,200.00",2024-02-27
1060,HRL,2024022705001949,43,35,10.00,610.00,"6,100.00",2024-02-27
1061,HRL,2024022705001950,43,29,20.00,610.00,"12,200.00",2024-02-27
1062,HRL,2024022705001951,43,14,10.00,610.00,"6,100.00",2024-02-27
1063,HRL,2024022705001952,52,14,10.00,609.50,"6,095.00",2024-02-27
1064,HRL,2024022705001953,52,22,10.00,610.00,"6,100.00",2024-02-27
1065,HRL,2024022705001954,52,41,10.00,610.00,"6,100.00",2024-02-27
1066,HRL,2024022705001959,35,21,10.00,609.00,"6,090.00",2024-02-27
1067,HRL,2024022705001974,35,36,10.00,609.00,"6,090.00",2024-02-27
1068,HRL,2024022705001977,35,1,10.00,609.00,"6,090.00",2024-02-27
1069,HRL,2024022705001978,35,34,10.00,609.00,"6,090.00",2024-02-27
1070,HRL,2024022705001979,35,36,10.00,609.00,"6,090.00",2024-02-27
1071,HRL,2024022705001984,35,43,10.00,609.00,"6,090.00",2024-02-27
1072,HRL,2024022705001987,35,55,20.00,609.00,"12,180.00",2024-02-27
1073,HRL,2024022705001988,35,8,10.00,609.00,"6,090.00",2024-02-27
1074,HRL,2024022705001989,35,51,10.00,609.00,"6,090.00",2024-02-27
1075,HRL,2024022705001990,35,45,10.00,609.00,"6,090.00",2024-02-27
1076,HRL,2024022705001993,35,41,10.00,609.00,"6,090.00",2024-02-27
1077,HRL,2024022705001996,16,58,10.00,609.10,"6,091.00",2024-02-27
1078,HRL,2024022705001998,16,42,10.00,609.10,"6,091.00",2024-02-27
1079,HRL,2024022705002000,16,34,10.00,609.10,"6,091.00",2024-02-27
1080,HRL,2024022705002001,16,44,10.00,609.10,"6,091.00",2024-02-27
1081,HRL,2024022705002003,16,42,10.00,609.10,"6,091.00",2024-02-27
1082,HRL,2024022705002009,16,6,20.00,609.10,"12,182.00",2024-02-27
1083,HRL,2024022705002012,16,16,20.00,609.10,"12,182.00",2024-02-27
1084,HRL,2024022705002014,16,56,10.00,609.10,"6,091.00",2024-02-27
1085,HRL,2024022705002015,52,58,10.00,609.10,"6,091.00",2024-02-27
1086,HRL,2024022705002016,52,22,20.00,609.10,"12,182.00",2024-02-27
1087,HRL,2024022705002017,52,57,10.00,609.10,"6,091.00",2024-02-27
1088,HRL,2024022705002022,52,17,10.00,609.10,"6,091.00",2024-02-27
1089,HRL,2024022705002023,28,38,10.00,610.00,"6,100.00",2024-02-27
1090,HRL,2024022705002024,28,39,10.00,610.00,"6,100.00",2024-02-27
1091,HRL,2024022705002025,28,41,20.00,610.00,"12,200.00",2024-02-27
1092,HRL,2024022705002026,28,58,10.00,610.00,"6,100.00",2024-02-27
1093,HRL,2024022705002027,28,58,30.00,610.00,"18,300.00",2024-02-27
1094,HRL,2024022705002028,28,26,45.00,610.00,"27,450.00",2024-02-27
1095,HRL,2024022705002029,28,29,10.00,610.00,"6,100.00",2024-02-27
1096,HRL,2024022705002030,28,57,50.00,610.00,"30,500.00",2024-02-27
1097,HRL,2024022705002031,28,4,10.00,610.00,"6,100.00",2024-02-27
1098,HRL,2024022705002032,28,49,15.00,610.00,"9,150.00",2024-02-27
1099,HRL,2024022705002034,52,1,10.00,609.10,"6,091.00",2024-02-27
1100,HRL,2024022705002038,52,6,10.00,609.10,"6,091.00",2024-02-27
1101,HRL,2024022705002040,16,49,50.00,609.10,"30,455.00",2024-02-27
1102,HRL,2024022705002041,59,57,10.00,609.10,"6,091.00",2024-02-27
1103,HRL,2024022705002042,59,46,10.00,609.10,"6,091.00",2024-02-27
1104,HRL,2024022705002044,59,3,10.00,609.10,"6,091.00",2024-02-27
1105,HRL,2024022705002047,59,42,20.00,609.10,"12,182.00",2024-02-27
1106,HRL,2024022705002048,16,45,10.00,609.20,"6,092.00",2024-02-27
1107,HRL,2024022705002067,16,22,20.00,609.20,"12,184.00",2024-02-27
1108,HRL,2024022705002072,16,47,10.00,609.20,"6,092.00",2024-02-27
1109,HRL,2024022705002074,16,41,10.00,609.20,"6,092.00",2024-02-27
1110,HRL,2024022705002075,56,41,10.00,609.20,"6,092.00",2024-02-27
1111,HRL,2024022705002076,56,42,20.00,609.20,"12,184.00",2024-02-27
1112,HRL,2024022705002077,59,28,200.00,609.10,"121,820.00",2024-02-27
1113,HRL,2024022705002080,59,14,10.00,609.10,"6,091.00",2024-02-27
1114,HRL,2024022705002083,59,57,10.00,609.10,"6,091.00",2024-02-27
1115,HRL,2024022705002084,59,58,10.00,609.10,"6,091.00",2024-02-27
1116,HRL,2024022705002093,59,4,520.00,609.10,"316,732.00",2024-02-27
1117,HRL,2024022705002094,35,4,300.00,609.00,"182,700.00",2024-02-27
1118,HRL,2024022705002095,51,4,10.00,609.00,"6,090.00",2024-02-27
1119,HRL,2024022705002096,48,4,100.00,609.00,"60,900.00",2024-02-27
1120,HRL,2024022705002097,58,4,50.00,609.00,"30,450.00",2024-02-27
1121,HRL,2024022705002098,49,4,120.00,609.00,"73,080.00",2024-02-27
1122,HRL,2024022705002099,49,57,10.00,609.00,"6,090.00",2024-02-27
1123,HRL,2024022705002100,49,44,10.00,609.50,"6,095.00",2024-02-27
1124,HRL,2024022705002101,49,58,10.00,609.50,"6,095.00",2024-02-27
1125,HRL,2024022705002102,49,41,20.00,610.00,"12,200.00",2024-02-27
1126,HRL,2024022705002103,49,42,20.00,610.00,"12,200.00",2024-02-27
1127,HRL,2024022705002105,49,25,10.00,609.00,"6,090.00",2024-02-27
1128,HRL,2024022705002107,49,55,20.00,609.00,"12,180.00",2024-02-27
1129,HRL,2024022705002110,13,28,10.00,609.10,"6,091.00",2024-02-27
1130,HRL,2024022705002112,13,58,10.00,609.10,"6,091.00",2024-02-27
1131,HRL,2024022705002113,43,58,10.00,609.10,"6,091.00",2024-02-27
1132,HRL,2024022705002114,43,47,10.00,609.10,"6,091.00",2024-02-27
1133,HRL,2024022705002115,43,4,10.00,609.10,"6,091.00",2024-02-27
1134,HRL,2024022705002116,43,28,10.00,609.10,"6,091.00",2024-02-27
1135,HRL,2024022705002117,43,47,10.00,609.10,"6,091.00",2024-02-27
1136,HRL,2024022705002118,38,22,10.00,610.00,"6,100.00",2024-02-27
1137,HRL,2024022705002119,38,45,70.00,610.00,"42,700.00",2024-02-27
1138,HRL,2024022705002121,43,52,30.00,609.10,"18,273.00",2024-02-27
1139,HRL,2024022705002123,43,16,20.00,609.10,"12,182.00",2024-02-27
1140,HRL,2024022705002124,49,52,20.00,609.00,"12,180.00",2024-02-27
1141,HRL,2024022705002127,58,55,20.00,609.00,"12,180.00",2024-02-27
1142,HRL,2024022705002129,58,42,10.00,609.00,"6,090.00",2024-02-27
1143,HRL,2024022705002130,44,70,10.00,609.00,"6,090.00",2024-02-27
1144,HRL,2024022705002132,44,58,10.00,609.00,"6,090.00",2024-02-27
1145,HRL,2024022705002133,44,28,20.00,609.00,"12,180.00",2024-02-27
1146,HRL,2024022705002134,44,55,20.00,609.00,"12,180.00",2024-02-27
1147,HRL,2024022705002136,22,58,10.00,609.00,"6,090.00",2024-02-27
1148,HRL,2024022705002137,22,51,10.00,609.00,"6,090.00",2024-02-27
1149,HRL,2024022705002140,22,33,20.00,609.00,"12,180.00",2024-02-27
1150,HRL,2024022705002141,22,51,10.00,609.00,"6,090.00",2024-02-27
1151,HRL,2024022705002142,22,49,10.00,609.00,"6,090.00",2024-02-27
1152,HRL,2024022705002146,32,39,10.00,609.10,"6,091.00",2024-02-27
1153,HRL,2024022705002147,32,91,10.00,609.10,"6,091.00",2024-02-27
1154,HRL,2024022705002148,32,51,10.00,609.10,"6,091.00",2024-02-27
1155,HRL,2024022705002149,17,45,50.00,610.00,"30,500.00",2024-02-27
1156,HRL,2024022705002150,17,7,40.00,610.00,"24,400.00",2024-02-27
1157,HRL,2024022705002151,17,45,10.00,610.00,"6,100.00",2024-02-27
1158,HRL,2024022705002152,17,58,10.00,610.00,"6,100.00",2024-02-27
1159,HRL,2024022705002153,17,22,30.00,610.00,"18,300.00",2024-02-27
1160,HRL,2024022705002154,17,54,20.00,610.00,"12,200.00",2024-02-27
1161,HRL,2024022705002155,17,58,10.00,610.00,"6,100.00",2024-02-27
1162,HRL,2024022705002156,17,41,20.00,610.00,"12,200.00",2024-02-27
1163,HRL,2024022705002157,17,29,10.00,610.00,"6,100.00",2024-02-27
1164,HRL,2024022705002158,17,8,10.00,610.00,"6,100.00",2024-02-27
1165,HRL,2024022705002159,32,51,10.00,609.10,"6,091.00",2024-02-27
1166,HRL,2024022705002161,1,16,20.00,610.00,"12,200.00",2024-02-27
1167,HRL,2024022705002162,1,21,20.00,610.00,"12,200.00",2024-02-27
1168,HRL,2024022705002163,1,55,30.00,610.00,"18,300.00",2024-02-27
1169,HRL,2024022705002164,1,55,20.00,610.00,"12,200.00",2024-02-27
1170,HRL,2024022705002165,40,45,20.00,611.00,"12,220.00",2024-02-27
1171,HRL,2024022705002166,40,4,10.00,611.00,"6,110.00",2024-02-27
1172,HRL,2024022705002167,40,7,10.00,611.00,"6,110.00",2024-02-27
1173,HRL,2024022705002168,40,38,10.00,611.00,"6,110.00",2024-02-27
1174,HRL,2024022705002169,40,4,30.00,611.00,"18,330.00",2024-02-27
1175,HRL,2024022705002170,40,19,10.00,611.00,"6,110.00",2024-02-27
1176,HRL,2024022705002171,40,57,10.00,611.00,"6,110.00",2024-02-27
1177,HRL,2024022705002172,40,16,100.00,611.00,"61,100.00",2024-02-27
1178,HRL,2024022705002178,1,49,10.00,610.00,"6,100.00",2024-02-27
1179,HRL,2024022705002185,44,4,10.00,610.00,"6,100.00",2024-02-27
1180,HRL,2024022705002186,44,25,10.00,610.00,"6,100.00",2024-02-27
1181,HRL,2024022705002187,44,17,15.00,610.00,"9,150.00",2024-02-27
1182,HRL,2024022705002188,22,17,15.00,610.00,"9,150.00",2024-02-27
1183,HRL,2024022705002189,22,35,20.00,610.00,"12,200.00",2024-02-27
1184,HRL,2024022705002190,22,54,10.00,610.00,"6,100.00",2024-02-27
1185,HRL,2024022705002191,22,49,10.00,610.00,"6,100.00",2024-02-27
1186,HRL,2024022705002193,10,58,10.00,610.20,"6,102.00",2024-02-27
1187,HRL,2024022705002194,10,35,10.00,610.20,"6,102.00",2024-02-27
1188,HRL,2024022705002196,10,58,10.00,610.20,"6,102.00",2024-02-27
1189,HRL,2024022705002199,10,42,20.00,610.20,"12,204.00",2024-02-27
1190,HRL,2024022705002200,10,48,10.00,610.20,"6,102.00",2024-02-27
1191,HRL,2024022705002203,10,58,10.00,610.20,"6,102.00",2024-02-27
1192,HRL,2024022705002204,10,16,20.00,610.20,"12,204.00",2024-02-27
1193,HRL,2024022705002205,13,75,10.00,610.30,"6,103.00",2024-02-27
1194,HRL,2024022705002206,13,51,20.00,610.30,"12,206.00",2024-02-27
1195,HRL,2024022705002209,13,42,10.00,610.30,"6,103.00",2024-02-27
1196,HRL,2024022705002210,13,7,10.00,610.30,"6,103.00",2024-02-27
1197,HRL,2024022705002211,10,38,10.00,610.20,"6,102.00",2024-02-27
1198,HRL,2024022705002212,10,45,10.00,610.20,"6,102.00",2024-02-27
1199,HRL,2024022705002213,10,49,10.00,610.20,"6,102.00",2024-02-27
1200,HRL,2024022705002215,10,49,10.00,610.20,"6,102.00",2024-02-27
1201,HRL,2024022705002216,10,58,10.00,610.20,"6,102.00",2024-02-27
1202,HRL,2024022705002217,10,25,30.00,610.20,"18,306.00",2024-02-27
1203,HRL,2024022705002218,10,58,10.00,610.20,"6,102.00",2024-02-27
1204,HRL,2024022705002219,10,58,10.00,610.20,"6,102.00",2024-02-27
1205,HRL,2024022705002221,10,38,10.00,610.20,"6,102.00",2024-02-27
1206,HRL,2024022705002222,10,42,10.00,610.20,"6,102.00",2024-02-27
1207,HRL,2024022705002223,10,42,10.00,610.20,"6,102.00",2024-02-27
1208,HRL,2024022705002224,10,58,10.00,610.20,"6,102.00",2024-02-27
1209,HRL,2024022705002225,10,6,20.00,610.20,"12,204.00",2024-02-27
1210,HRL,2024022705002226,10,14,10.00,610.20,"6,102.00",2024-02-27
1211,HRL,2024022705002229,10,58,10.00,610.20,"6,102.00",2024-02-27
1212,HRL,2024022705002230,10,39,10.00,610.20,"6,102.00",2024-02-27
1213,HRL,2024022705002232,10,38,10.00,610.20,"6,102.00",2024-02-27
1214,HRL,2024022705002236,45,38,10.00,611.00,"6,110.00",2024-02-27
1215,HRL,2024022705002238,35,58,20.00,612.00,"12,240.00",2024-02-27
1216,HRL,2024022705002239,35,45,20.00,612.00,"12,240.00",2024-02-27
1217,HRL,2024022705002240,35,58,10.00,612.00,"6,120.00",2024-02-27
1218,HRL,2024022705002241,35,49,10.00,612.00,"6,120.00",2024-02-27
1219,HRL,2024022705002242,35,35,10.00,612.00,"6,120.00",2024-02-27
1220,HRL,2024022705002243,35,56,10.00,612.00,"6,120.00",2024-02-27
1221,HRL,2024022705002244,35,48,10.00,612.00,"6,120.00",2024-02-27
1222,HRL,2024022705002245,35,6,10.00,612.00,"6,120.00",2024-02-27
1223,HRL,2024022705002246,35,55,10.00,612.00,"6,120.00",2024-02-27
1224,HRL,2024022705002247,35,41,10.00,612.00,"6,120.00",2024-02-27
1225,HRL,2024022705002248,35,7,20.00,612.00,"12,240.00",2024-02-27
1226,HRL,2024022705002249,35,51,20.00,612.00,"12,240.00",2024-02-27
1227,HRL,2024022705002250,35,48,10.00,612.00,"6,120.00",2024-02-27
1228,HRL,2024022705002251,35,48,10.00,612.00,"6,120.00",2024-02-27
1229,HRL,2024022705002252,35,38,20.00,612.00,"12,240.00",2024-02-27
1230,HRL,2024022705002253,35,58,10.00,612.00,"6,120.00",2024-02-27
1231,HRL,2024022705002254,35,1,10.00,612.00,"6,120.00",2024-02-27
1232,HRL,2024022705002255,35,29,10.00,612.00,"6,120.00",2024-02-27
1233,HRL,2024022705002256,35,41,185.00,612.00,"113,220.00",2024-02-27
1234,HRL,2024022705002257,35,35,10.00,612.00,"6,120.00",2024-02-27
1235,HRL,2024022705002258,35,35,10.00,612.00,"6,120.00",2024-02-27
1236,HRL,2024022705002259,35,46,20.00,612.00,"12,240.00",2024-02-27
1237,HRL,2024022705002260,35,58,10.00,612.00,"6,120.00",2024-02-27
1238,HRL,2024022705002261,35,41,20.00,612.00,"12,240.00",2024-02-27
1239,HRL,2024022705002268,35,8,10.00,612.00,"6,120.00",2024-02-27
1240,HRL,2024022705002271,45,7,10.00,611.00,"6,110.00",2024-02-27
1241,HRL,2024022705002272,45,49,10.00,611.00,"6,110.00",2024-02-27
1242,HRL,2024022705002273,45,53,10.00,611.00,"6,110.00",2024-02-27
1243,HRL,2024022705002275,13,49,30.00,612.00,"18,360.00",2024-02-27
1244,HRL,2024022705002277,13,69,20.00,612.00,"12,240.00",2024-02-27
1245,HRL,2024022705002278,13,58,10.00,612.00,"6,120.00",2024-02-27
1246,HRL,2024022705002282,10,58,20.00,612.00,"12,240.00",2024-02-27
1247,HRL,2024022705002284,10,35,10.00,612.00,"6,120.00",2024-02-27
1248,HRL,2024022705002285,1,4,10.00,612.10,"6,121.00",2024-02-27
1249,HRL,2024022705002288,1,34,10.00,612.10,"6,121.00",2024-02-27
1250,HRL,2024022705002295,1,38,10.00,612.10,"6,121.00",2024-02-27
1251,HRL,2024022705002300,1,16,20.00,612.10,"12,242.00",2024-02-27
1252,HRL,2024022705002301,1,58,10.00,612.10,"6,121.00",2024-02-27
1253,HRL,2024022705002302,1,36,40.00,612.10,"24,484.00",2024-02-27
1254,HRL,2024022705002303,10,36,10.00,612.00,"6,120.00",2024-02-27
1255,HRL,2024022705002304,10,42,20.00,612.00,"12,240.00",2024-02-27
1256,HRL,2024022705002305,10,58,20.00,612.00,"12,240.00",2024-02-27
1257,HRL,2024022705002306,10,34,30.00,612.00,"18,360.00",2024-02-27
1258,HRL,2024022705002312,10,41,20.00,612.00,"12,240.00",2024-02-27
1259,HRL,2024022705002314,58,8,15.00,612.20,"9,183.00",2024-02-27
1260,HRL,2024022705002315,58,34,15.00,612.20,"9,183.00",2024-02-27
1261,HRL,2024022705002318,10,58,40.00,612.00,"24,480.00",2024-02-27
1262,HRL,2024022705002319,10,38,10.00,612.00,"6,120.00",2024-02-27
1263,HRL,2024022705002322,29,58,10.00,612.50,"6,125.00",2024-02-27
1264,HRL,2024022705002323,29,14,30.00,612.50,"18,375.00",2024-02-27
1265,HRL,2024022705002324,29,5,10.00,612.50,"6,125.00",2024-02-27
1266,HRL,2024022705002325,29,40,10.00,612.90,"6,129.00",2024-02-27
1267,HRL,2024022705002326,29,49,10.00,613.00,"6,130.00",2024-02-27
1268,HRL,2024022705002327,29,22,10.00,613.00,"6,130.00",2024-02-27
1269,HRL,2024022705002328,29,22,10.00,613.00,"6,130.00",2024-02-27
1270,HRL,2024022705002329,29,57,10.00,613.00,"6,130.00",2024-02-27
1271,HRL,2024022705002330,29,11,170.00,613.00,"104,210.00",2024-02-27
1272,HRL,2024022705002331,29,33,10.00,613.00,"6,130.00",2024-02-27
1273,HRL,2024022705002332,29,22,10.00,613.00,"6,130.00",2024-02-27
1274,HRL,2024022705002333,29,58,10.00,613.00,"6,130.00",2024-02-27
1275,HRL,2024022705002334,29,49,10.00,613.00,"6,130.00",2024-02-27
1276,HRL,2024022705002335,29,58,10.00,613.00,"6,130.00",2024-02-27
1277,HRL,2024022705002336,29,53,10.00,613.00,"6,130.00",2024-02-27
1278,HRL,2024022705002337,29,57,10.00,613.00,"6,130.00",2024-02-27
1279,HRL,2024022705002338,29,44,10.00,613.00,"6,130.00",2024-02-27
1280,HRL,2024022705002339,29,16,20.00,613.00,"12,260.00",2024-02-27
1281,HRL,2024022705002340,29,11,20.00,613.00,"12,260.00",2024-02-27
1282,HRL,2024022705002342,29,52,20.00,613.00,"12,260.00",2024-02-27
1283,HRL,2024022705002343,29,38,10.00,613.00,"6,130.00",2024-02-27
1284,HRL,2024022705002344,29,42,20.00,613.00,"12,260.00",2024-02-27
1285,HRL,2024022705002345,29,35,10.00,613.00,"6,130.00",2024-02-27
1286,HRL,2024022705002348,29,42,10.00,613.00,"6,130.00",2024-02-27
1287,HRL,2024022705002351,29,21,20.00,613.00,"12,260.00",2024-02-27
1288,HRL,2024022705002352,29,42,20.00,613.00,"12,260.00",2024-02-27
1289,HRL,2024022705002355,29,33,50.00,613.00,"30,650.00",2024-02-27
1290,HRL,2024022705002356,29,57,10.00,613.00,"6,130.00",2024-02-27
1291,HRL,2024022705002358,29,25,10.00,613.50,"6,135.00",2024-02-27
1292,HRL,2024022705002359,29,58,20.00,613.50,"12,270.00",2024-02-27
1293,HRL,2024022705002360,29,45,10.00,613.50,"6,135.00",2024-02-27
1294,HRL,2024022705002361,29,36,30.00,613.50,"18,405.00",2024-02-27
1295,HRL,2024022705002362,29,36,10.00,613.50,"6,135.00",2024-02-27
1296,HRL,2024022705002363,29,45,10.00,613.50,"6,135.00",2024-02-27
1297,HRL,2024022705002364,29,49,10.00,613.50,"6,135.00",2024-02-27
1298,HRL,2024022705002365,29,58,10.00,613.50,"6,135.00",2024-02-27
1299,HRL,2024022705002366,29,45,10.00,613.80,"6,138.00",2024-02-27
1300,HRL,2024022705002367,29,46,10.00,613.90,"6,139.00",2024-02-27
1301,HRL,2024022705002368,29,38,10.00,613.90,"6,139.00",2024-02-27
1302,HRL,2024022705002369,29,91,100.00,613.90,"61,390.00",2024-02-27
1303,HRL,2024022705002370,29,45,20.00,614.00,"12,280.00",2024-02-27
1304,HRL,2024022705002371,29,51,20.00,614.00,"12,280.00",2024-02-27
1305,HRL,2024022705002372,29,38,10.00,614.00,"6,140.00",2024-02-27
1306,HRL,2024022705002373,29,7,20.00,614.00,"12,280.00",2024-02-27
1307,HRL,2024022705002374,29,22,30.00,614.00,"18,420.00",2024-02-27
1308,HRL,2024022705002375,29,56,20.00,614.00,"12,280.00",2024-02-27
1309,HRL,2024022705002376,29,58,20.00,614.00,"12,280.00",2024-02-27
1310,HRL,2024022705002377,29,49,10.00,614.00,"6,140.00",2024-02-27
1311,HRL,2024022705002378,29,29,30.00,614.00,"18,420.00",2024-02-27
1312,HRL,2024022705002379,29,13,50.00,614.00,"30,700.00",2024-02-27
1313,HRL,2024022705002380,29,35,10.00,614.00,"6,140.00",2024-02-27
1314,HRL,2024022705002381,29,58,10.00,614.00,"6,140.00",2024-02-27
1315,HRL,2024022705002382,29,49,10.00,614.00,"6,140.00",2024-02-27
1316,HRL,2024022705002384,29,41,100.00,614.00,"61,400.00",2024-02-27
1317,HRL,2024022705002385,29,38,10.00,614.00,"6,140.00",2024-02-27
1318,HRL,2024022705002387,10,58,10.00,614.10,"6,141.00",2024-02-27
1319,HRL,2024022705002388,10,33,10.00,614.10,"6,141.00",2024-02-27
1320,HRL,2024022705002389,10,59,30.00,614.10,"18,423.00",2024-02-27
1321,HRL,2024022705002391,10,42,20.00,614.10,"12,282.00",2024-02-27
1322,HRL,2024022705002394,10,3,10.00,614.10,"6,141.00",2024-02-27
1323,HRL,2024022705002395,10,5,10.00,614.10,"6,141.00",2024-02-27
1324,HRL,2024022705002396,52,38,10.00,614.40,"6,144.00",2024-02-27
1325,HRL,2024022705002397,52,57,50.00,614.90,"30,745.00",2024-02-27
1326,HRL,2024022705002398,10,14,10.00,614.10,"6,141.00",2024-02-27
1327,HRL,2024022705002399,10,34,20.00,614.10,"12,282.00",2024-02-27
1328,HRL,2024022705002400,10,48,10.00,614.10,"6,141.00",2024-02-27
1329,HRL,2024022705002403,10,45,10.00,614.10,"6,141.00",2024-02-27
1330,HRL,2024022705002404,10,17,10.00,614.10,"6,141.00",2024-02-27
1331,HRL,2024022705002408,10,40,30.00,614.10,"18,423.00",2024-02-27
1332,HRL,2024022705002409,10,42,10.00,614.10,"6,141.00",2024-02-27
1333,HRL,2024022705002410,10,57,10.00,614.10,"6,141.00",2024-02-27
1334,HRL,2024022705002412,10,54,30.00,614.10,"18,423.00",2024-02-27
1335,HRL,2024022705002414,10,7,10.00,614.10,"6,141.00",2024-02-27
1336,HRL,2024022705002415,10,53,10.00,614.10,"6,141.00",2024-02-27
1337,HRL,2024022705002416,10,57,10.00,614.10,"6,141.00",2024-02-27
1338,HRL,2024022705002417,10,11,20.00,614.10,"12,282.00",2024-02-27
1339,HRL,2024022705002419,10,41,20.00,614.10,"12,282.00",2024-02-27
1340,HRL,2024022705002420,10,57,10.00,614.10,"6,141.00",2024-02-27
1341,HRL,2024022705002422,59,29,10.00,614.20,"6,142.00",2024-02-27
1342,HRL,2024022705002423,59,40,40.00,614.20,"24,568.00",2024-02-27
1343,HRL,2024022705002424,38,43,50.00,614.90,"30,745.00",2024-02-27
1344,HRL,2024022705002425,38,91,100.00,614.90,"61,490.00",2024-02-27
1345,HRL,2024022705002426,38,13,26.00,614.90,"15,987.40",2024-02-27
1346,HRL,2024022705002427,38,52,10.00,614.90,"6,149.00",2024-02-27
1347,HRL,2024022705002428,38,55,10.00,615.00,"6,150.00",2024-02-27
1348,HRL,2024022705002429,38,34,20.00,615.00,"12,300.00",2024-02-27
1349,HRL,2024022705002430,38,77,20.00,615.00,"12,300.00",2024-02-27
1350,HRL,2024022705002431,38,49,10.00,615.00,"6,150.00",2024-02-27
1351,HRL,2024022705002432,38,36,10.00,615.00,"6,150.00",2024-02-27
1352,HRL,2024022705002433,38,58,10.00,615.00,"6,150.00",2024-02-27
1353,HRL,2024022705002434,38,58,10.00,615.00,"6,150.00",2024-02-27
1354,HRL,2024022705002435,38,6,10.00,615.00,"6,150.00",2024-02-27
1355,HRL,2024022705002436,38,58,10.00,615.00,"6,150.00",2024-02-27
1356,HRL,2024022705002437,38,19,20.00,615.00,"12,300.00",2024-02-27
1357,HRL,2024022705002438,38,19,20.00,615.00,"12,300.00",2024-02-27
1358,HRL,2024022705002439,38,19,20.00,615.00,"12,300.00",2024-02-27
1359,HRL,2024022705002440,38,19,20.00,615.00,"12,300.00",2024-02-27
1360,HRL,2024022705002441,38,35,10.00,615.00,"6,150.00",2024-02-27
1361,HRL,2024022705002442,38,19,20.00,615.00,"12,300.00",2024-02-27
1362,HRL,2024022705002443,38,58,10.00,615.00,"6,150.00",2024-02-27
1363,HRL,2024022705002444,38,58,30.00,615.00,"18,450.00",2024-02-27
1364,HRL,2024022705002445,38,42,10.00,615.00,"6,150.00",2024-02-27
1365,HRL,2024022705002446,38,49,44.00,615.00,"27,060.00",2024-02-27
1366,HRL,2024022705002447,59,58,10.00,614.20,"6,142.00",2024-02-27
1367,HRL,2024022705002448,10,59,10.00,614.80,"6,148.00",2024-02-27
1368,HRL,2024022705002449,10,49,56.00,615.00,"34,440.00",2024-02-27
1369,HRL,2024022705002450,10,45,10.00,615.00,"6,150.00",2024-02-27
1370,HRL,2024022705002451,10,49,10.00,615.00,"6,150.00",2024-02-27
1371,HRL,2024022705002452,10,42,10.00,615.00,"6,150.00",2024-02-27
1372,HRL,2024022705002453,10,22,10.00,615.00,"6,150.00",2024-02-27
1373,HRL,2024022705002454,10,36,114.00,615.00,"70,110.00",2024-02-27
1374,HRL,2024022705002455,59,58,10.00,614.20,"6,142.00",2024-02-27
1375,HRL,2024022705002456,17,36,886.00,615.00,"544,890.00",2024-02-27
1376,HRL,2024022705002457,17,36,10.00,615.00,"6,150.00",2024-02-27
1377,HRL,2024022705002458,17,36,10.00,615.00,"6,150.00",2024-02-27
1378,HRL,2024022705002459,17,57,20.00,615.00,"12,300.00",2024-02-27
1379,HRL,2024022705002460,17,36,10.00,615.00,"6,150.00",2024-02-27
1380,HRL,2024022705002461,17,44,20.00,615.00,"12,300.00",2024-02-27
1381,HRL,2024022705002462,17,49,10.00,615.00,"6,150.00",2024-02-27
1382,HRL,2024022705002463,17,44,10.00,615.00,"6,150.00",2024-02-27
1383,HRL,2024022705002464,17,17,385.00,615.00,"236,775.00",2024-02-27
1384,HRL,2024022705002465,17,49,20.00,615.00,"12,300.00",2024-02-27
1385,HRL,2024022705002466,17,39,20.00,615.00,"12,300.00",2024-02-27
1386,HRL,2024022705002467,17,3,10.00,615.00,"6,150.00",2024-02-27
1387,HRL,2024022705002468,17,46,20.00,615.00,"12,300.00",2024-02-27
1388,HRL,2024022705002469,17,39,20.00,615.00,"12,300.00",2024-02-27
1389,HRL,2024022705002470,17,45,20.00,615.00,"12,300.00",2024-02-27
1390,HRL,2024022705002471,17,68,10.00,615.00,"6,150.00",2024-02-27
1391,HRL,2024022705002472,17,4,10.00,615.00,"6,150.00",2024-02-27
1392,HRL,2024022705002473,17,61,40.00,615.00,"24,600.00",2024-02-27
1393,HRL,2024022705002474,17,41,20.00,615.00,"12,300.00",2024-02-27
1394,HRL,2024022705002475,17,49,50.00,615.00,"30,750.00",2024-02-27
1395,HRL,2024022705002476,17,21,10.00,615.00,"6,150.00",2024-02-27
1396,HRL,2024022705002477,17,49,20.00,615.00,"12,300.00",2024-02-27
1397,HRL,2024022705002478,17,58,10.00,615.00,"6,150.00",2024-02-27
1398,HRL,2024022705002479,17,35,10.00,615.00,"6,150.00",2024-02-27
1399,HRL,2024022705002480,17,34,10.00,615.00,"6,150.00",2024-02-27
1400,HRL,2024022705002481,17,11,10.00,615.00,"6,150.00",2024-02-27
1401,HRL,2024022705002482,17,17,10.00,615.00,"6,150.00",2024-02-27
1402,HRL,2024022705002483,17,21,10.00,615.00,"6,150.00",2024-02-27
1403,HRL,2024022705002484,17,38,10.00,615.00,"6,150.00",2024-02-27
1404,HRL,2024022705002485,17,51,30.00,615.00,"18,450.00",2024-02-27
1405,HRL,2024022705002486,17,51,10.00,615.00,"6,150.00",2024-02-27
1406,HRL,2024022705002487,17,28,10.00,615.00,"6,150.00",2024-02-27
1407,HRL,2024022705002488,17,28,"3,249.00",615.00,"1,998,135.00",2024-02-27
1408,HRL,2024022705002490,59,57,10.00,614.20,"6,142.00",2024-02-27
1409,HRL,2024022705002491,59,34,10.00,614.20,"6,142.00",2024-02-27
1410,HRL,2024022705002493,65,11,20.00,614.30,"12,286.00",2024-02-27
1411,HRL,2024022705002494,65,6,10.00,614.30,"6,143.00",2024-02-27
1412,HRL,2024022705002500,59,54,30.00,614.40,"18,432.00",2024-02-27
1413,HRL,2024022705002506,59,4,10.00,614.40,"6,144.00",2024-02-27
1414,HRL,2024022705002507,59,67,20.00,614.40,"12,288.00",2024-02-27
1415,HRL,2024022705002508,59,49,10.00,614.40,"6,144.00",2024-02-27
1416,HRL,2024022705002510,65,1,20.00,614.30,"12,286.00",2024-02-27
1417,HRL,2024022705002513,65,4,10.00,614.30,"6,143.00",2024-02-27
1418,HRL,2024022705002514,65,45,10.00,614.30,"6,143.00",2024-02-27
1419,HRL,2024022705002515,65,57,10.00,614.30,"6,143.00",2024-02-27
1420,HRL,2024022705002517,65,29,10.00,614.30,"6,143.00",2024-02-27
1421,HRL,2024022705002519,29,4,10.00,614.00,"6,140.00",2024-02-27
1422,HRL,2024022705002522,29,54,50.00,614.00,"30,700.00",2024-02-27
1423,HRL,2024022705002526,29,17,10.00,614.00,"6,140.00",2024-02-27
1424,HRL,2024022705002527,29,21,20.00,614.00,"12,280.00",2024-02-27
1425,HRL,2024022705002528,29,49,20.00,614.00,"12,280.00",2024-02-27
1426,HRL,2024022705002530,29,11,20.00,614.00,"12,280.00",2024-02-27
1427,HRL,2024022705002531,29,34,10.00,614.00,"6,140.00",2024-02-27
1428,HRL,2024022705002532,29,6,20.00,614.00,"12,280.00",2024-02-27
1429,HRL,2024022705002533,29,43,150.00,614.00,"92,100.00",2024-02-27
1430,HRL,2024022705002534,29,26,10.00,614.00,"6,140.00",2024-02-27
1431,HRL,2024022705002535,29,58,10.00,614.00,"6,140.00",2024-02-27
1432,HRL,2024022705002537,29,58,30.00,614.00,"18,420.00",2024-02-27
1433,HRL,2024022705002539,29,4,10.00,614.00,"6,140.00",2024-02-27
1434,HRL,2024022705002540,41,32,30.00,614.50,"18,435.00",2024-02-27
1435,HRL,2024022705002544,57,58,20.00,614.40,"12,288.00",2024-02-27
1436,HRL,2024022705002550,57,40,20.00,614.50,"12,290.00",2024-02-27
1437,HRL,2024022705002555,32,34,10.00,614.70,"6,147.00",2024-02-27
1438,HRL,2024022705002556,32,40,10.00,614.80,"6,148.00",2024-02-27
1439,HRL,2024022705002557,22,45,10.00,614.10,"6,141.00",2024-02-27
1440,HRL,2024022705002558,22,58,30.00,614.10,"18,423.00",2024-02-27
1441,HRL,2024022705002562,22,35,10.00,614.10,"6,141.00",2024-02-27
1442,HRL,2024022705002566,29,29,10.00,614.00,"6,140.00",2024-02-27
1443,HRL,2024022705002567,29,49,10.00,614.00,"6,140.00",2024-02-27
1444,HRL,2024022705002568,29,58,10.00,614.00,"6,140.00",2024-02-27
1445,HRL,2024022705002582,29,58,10.00,614.00,"6,140.00",2024-02-27
1446,HRL,2024022705002583,29,42,10.00,614.00,"6,140.00",2024-02-27
1447,HRL,2024022705002584,6,42,10.00,614.00,"6,140.00",2024-02-27
1448,HRL,2024022705002585,5,42,40.00,614.00,"24,560.00",2024-02-27
1449,HRL,2024022705002588,41,42,25.00,614.00,"15,350.00",2024-02-27
1450,HRL,2024022705002590,29,55,20.00,613.00,"12,260.00",2024-02-27
1451,HRL,2024022705002591,29,6,20.00,613.00,"12,260.00",2024-02-27
1452,HRL,2024022705002592,29,55,10.00,613.00,"6,130.00",2024-02-27
1453,HRL,2024022705002593,29,25,300.00,613.00,"183,900.00",2024-02-27
1454,HRL,2024022705002594,29,46,10.00,613.00,"6,130.00",2024-02-27
1455,HRL,2024022705002596,29,51,10.00,613.00,"6,130.00",2024-02-27
1456,HRL,2024022705002597,29,58,10.00,613.00,"6,130.00",2024-02-27
1457,HRL,2024022705002600,29,6,20.00,613.00,"12,260.00",2024-02-27
1458,HRL,2024022705002601,29,7,10.00,613.00,"6,130.00",2024-02-27
1459,HRL,2024022705002607,29,57,10.00,613.00,"6,130.00",2024-02-27
1460,HRL,2024022705002609,29,21,20.00,613.00,"12,260.00",2024-02-27
1461,HRL,2024022705002611,38,17,30.00,611.10,"18,333.00",2024-02-27
1462,HRL,2024022705002612,38,32,10.00,611.10,"6,111.00",2024-02-27
1463,HRL,2024022705002614,65,49,10.00,611.50,"6,115.00",2024-02-27
1464,HRL,2024022705002617,57,58,20.00,611.60,"12,232.00",2024-02-27
1465,HRL,2024022705002622,57,58,20.00,611.60,"12,232.00",2024-02-27
1466,HRL,2024022705002625,65,38,10.00,611.70,"6,117.00",2024-02-27
1467,HRL,2024022705002627,65,58,10.00,611.70,"6,117.00",2024-02-27
1468,HRL,2024022705002628,65,1,20.00,611.70,"12,234.00",2024-02-27
1469,HRL,2024022705002629,65,41,10.00,611.70,"6,117.00",2024-02-27
1470,HRL,2024022705002632,17,33,10.00,611.80,"6,118.00",2024-02-27
1471,HRL,2024022705002635,41,19,10.00,612.00,"6,120.00",2024-02-27
1472,HRL,2024022705002636,41,41,40.00,613.00,"24,520.00",2024-02-27
1473,HRL,2024022705002639,57,49,10.00,612.00,"6,120.00",2024-02-27
1474,HRL,2024022705002640,1,57,10.00,612.20,"6,122.00",2024-02-27
1475,HRL,2024022705002646,1,49,10.00,612.20,"6,122.00",2024-02-27
1476,HRL,2024022705002647,65,69,10.00,612.10,"6,121.00",2024-02-27
1477,HRL,2024022705002649,65,21,10.00,612.10,"6,121.00",2024-02-27
1478,HRL,2024022705002650,65,58,10.00,612.10,"6,121.00",2024-02-27
1479,HRL,2024022705002653,65,42,10.00,612.10,"6,121.00",2024-02-27
1480,HRL,2024022705002654,65,56,10.00,613.00,"6,130.00",2024-02-27
1481,HRL,2024022705002655,65,59,10.00,613.00,"6,130.00",2024-02-27
1482,HRL,2024022705002656,65,42,10.00,614.00,"6,140.00",2024-02-27
1483,HRL,2024022705002657,65,25,10.00,614.00,"6,140.00",2024-02-27
1484,HRL,2024022705002658,65,58,10.00,614.00,"6,140.00",2024-02-27
1485,HRL,2024022705002659,65,22,20.00,614.00,"12,280.00",2024-02-27
1486,HRL,2024022705002660,65,42,20.00,614.00,"12,280.00",2024-02-27
1487,HRL,2024022705002661,65,59,110.00,614.00,"67,540.00",2024-02-27
1488,HRL,2024022705002662,65,5,10.00,614.00,"6,140.00",2024-02-27
1489,HRL,2024022705002663,65,25,10.00,614.00,"6,140.00",2024-02-27
1490,HRL,2024022705002664,65,42,10.00,614.00,"6,140.00",2024-02-27
1491,HRL,2024022705002665,65,26,100.00,614.00,"61,400.00",2024-02-27
1492,HRL,2024022705002666,65,13,10.00,614.00,"6,140.00",2024-02-27
1493,HRL,2024022705002667,65,41,10.00,612.10,"6,121.00",2024-02-27
1494,HRL,2024022705002669,65,6,10.00,612.10,"6,121.00",2024-02-27
1495,HRL,2024022705002672,34,38,10.00,612.20,"6,122.00",2024-02-27
1496,HRL,2024022705002677,34,38,10.00,612.20,"6,122.00",2024-02-27
1497,HRL,2024022705002678,34,57,180.00,612.20,"110,196.00",2024-02-27
1498,HRL,2024022705002679,16,57,70.00,612.20,"42,854.00",2024-02-27
1499,HRL,2024022705002680,77,52,10.00,613.00,"6,130.00",2024-02-27
1500,HRL,2024022705002683,77,41,10.00,613.00,"6,130.00",2024-02-27
