SN,Symbol,Transaction No.,Buyer Broker,Seller Broker,Share Quantity,Rate(Rs),Amount(Rs),Traded Date
1,HRL,2024032005000003,51,53,10.00,618.00,"6,180.00",2024-03-20
2,HRL,2024032005000004,51,14,10.00,618.00,"6,180.00",2024-03-20
3,HRL,2024032005000016,57,38,10.00,619.00,"6,190.00",2024-03-20
4,HRL,2024032005000018,57,38,10.00,619.00,"6,190.00",2024-03-20
5,HRL,2024032005000020,58,1,20.00,618.10,"12,362.00",2024-03-20
6,HRL,2024032005000022,58,38,10.00,618.10,"6,181.00",2024-03-20
7,HRL,2024032005000027,48,49,10.00,620.00,"6,200.00",2024-03-20
8,HRL,2024032005000030,48,7,10.00,620.00,"6,200.00",2024-03-20
9,HRL,2024032005000032,67,35,10.00,620.00,"6,200.00",2024-03-20
10,HRL,2024032005000033,67,57,20.00,624.90,"12,498.00",2024-03-20
11,HRL,2024032005000034,67,56,10.00,625.00,"6,250.00",2024-03-20
12,HRL,2024032005000035,67,45,10.00,625.00,"6,250.00",2024-03-20
13,HRL,2024032005000036,67,46,10.00,625.00,"6,250.00",2024-03-20
14,HRL,2024032005000037,67,45,10.00,625.00,"6,250.00",2024-03-20
15,HRL,2024032005000038,67,56,20.00,625.00,"12,500.00",2024-03-20
16,HRL,2024032005000039,67,36,400.00,625.00,"250,000.00",2024-03-20
17,HRL,2024032005000040,67,25,20.00,625.00,"12,500.00",2024-03-20
18,HRL,2024032005000041,67,34,30.00,626.00,"18,780.00",2024-03-20
19,HRL,2024032005000042,67,35,10.00,626.90,"6,269.00",2024-03-20
20,HRL,2024032005000043,67,49,200.00,627.00,"125,400.00",2024-03-20
21,HRL,2024032005000044,67,56,250.00,627.00,"156,750.00",2024-03-20
22,HRL,2024032005000057,58,46,10.00,620.10,"6,201.00",2024-03-20
23,HRL,2024032005000065,58,16,160.00,620.10,"99,216.00",2024-03-20
24,HRL,2024032005000066,17,16,40.00,620.00,"24,800.00",2024-03-20
25,HRL,2024032005000067,74,16,300.00,620.00,"186,000.00",2024-03-20
26,HRL,2024032005000068,17,49,20.00,620.20,"12,404.00",2024-03-20
27,HRL,2024032005000069,17,1,20.00,620.20,"12,404.00",2024-03-20
28,HRL,2024032005000070,17,28,50.00,620.20,"31,010.00",2024-03-20
29,HRL,2024032005000072,17,58,10.00,620.20,"6,202.00",2024-03-20
30,HRL,2024032005000082,47,38,10.00,620.20,"6,202.00",2024-03-20
31,HRL,2024032005000084,26,35,20.00,621.00,"12,420.00",2024-03-20
32,HRL,2024032005000094,25,8,10.00,620.30,"6,203.00",2024-03-20
33,HRL,2024032005000095,25,28,10.00,620.30,"6,203.00",2024-03-20
34,HRL,2024032005000100,37,16,100.00,620.40,"62,040.00",2024-03-20
35,HRL,2024032005000101,25,16,280.00,620.30,"173,684.00",2024-03-20
36,HRL,2024032005000102,47,16,10.00,620.20,"6,202.00",2024-03-20
37,HRL,2024032005000103,14,16,20.00,620.00,"12,400.00",2024-03-20
38,HRL,2024032005000104,49,16,90.00,620.00,"55,800.00",2024-03-20
39,HRL,2024032005000108,49,47,10.00,620.00,"6,200.00",2024-03-20
40,HRL,2024032005000110,49,1,20.00,620.00,"12,400.00",2024-03-20
41,HRL,2024032005000118,49,59,10.00,620.00,"6,200.00",2024-03-20
42,HRL,2024032005000119,49,58,31.00,620.00,"19,220.00",2024-03-20
43,HRL,2024032005000121,40,65,20.00,620.00,"12,400.00",2024-03-20
44,HRL,2024032005000122,40,34,10.00,620.00,"6,200.00",2024-03-20
45,HRL,2024032005000124,40,21,10.00,620.00,"6,200.00",2024-03-20
46,HRL,2024032005000125,40,1,10.00,620.00,"6,200.00",2024-03-20
47,HRL,2024032005000127,39,58,90.00,620.00,"55,800.00",2024-03-20
48,HRL,2024032005000128,39,28,10.00,620.00,"6,200.00",2024-03-20
49,HRL,2024032005000131,39,16,20.00,620.00,"12,400.00",2024-03-20
50,HRL,2024032005000132,39,49,10.00,620.00,"6,200.00",2024-03-20
51,HRL,2024032005000133,54,55,10.00,621.00,"6,210.00",2024-03-20
52,HRL,2024032005000134,54,47,10.00,621.00,"6,210.00",2024-03-20
53,HRL,2024032005000135,54,55,10.00,621.00,"6,210.00",2024-03-20
54,HRL,2024032005000136,54,35,10.00,621.00,"6,210.00",2024-03-20
55,HRL,2024032005000137,54,14,20.00,621.00,"12,420.00",2024-03-20
56,HRL,2024032005000138,54,57,30.00,621.00,"18,630.00",2024-03-20
57,HRL,2024032005000139,54,22,10.00,621.00,"6,210.00",2024-03-20
58,HRL,2024032005000141,39,47,10.00,620.00,"6,200.00",2024-03-20
59,HRL,2024032005000144,39,68,20.00,620.00,"12,400.00",2024-03-20
60,HRL,2024032005000145,39,34,10.00,620.00,"6,200.00",2024-03-20
61,HRL,2024032005000146,39,1,20.00,620.00,"12,400.00",2024-03-20
62,HRL,2024032005000148,39,59,10.00,620.00,"6,200.00",2024-03-20
63,HRL,2024032005000153,17,19,10.00,620.00,"6,200.00",2024-03-20
64,HRL,2024032005000154,17,58,10.00,620.00,"6,200.00",2024-03-20
65,HRL,2024032005000155,57,87,10.00,619.00,"6,190.00",2024-03-20
66,HRL,2024032005000156,48,19,10.00,620.00,"6,200.00",2024-03-20
67,HRL,2024032005000157,48,58,10.00,620.00,"6,200.00",2024-03-20
68,HRL,2024032005000158,34,7,10.00,620.00,"6,200.00",2024-03-20
69,HRL,2024032005000159,34,58,10.00,620.00,"6,200.00",2024-03-20
70,HRL,2024032005000161,34,49,10.00,620.00,"6,200.00",2024-03-20
71,HRL,2024032005000166,58,4,20.00,621.00,"12,420.00",2024-03-20
72,HRL,2024032005000169,57,1,20.00,619.00,"12,380.00",2024-03-20
73,HRL,2024032005000185,57,59,10.00,619.00,"6,190.00",2024-03-20
74,HRL,2024032005000186,25,42,30.00,620.00,"18,600.00",2024-03-20
75,HRL,2024032005000187,25,19,10.00,620.00,"6,200.00",2024-03-20
76,HRL,2024032005000188,25,51,10.00,620.00,"6,200.00",2024-03-20
77,HRL,2024032005000189,36,34,10.00,620.00,"6,200.00",2024-03-20
78,HRL,2024032005000190,36,58,20.00,620.00,"12,400.00",2024-03-20
79,HRL,2024032005000192,36,21,10.00,620.00,"6,200.00",2024-03-20
80,HRL,2024032005000193,36,8,10.00,620.00,"6,200.00",2024-03-20
81,HRL,2024032005000194,57,8,20.00,619.00,"12,380.00",2024-03-20
82,HRL,2024032005000196,57,39,10.00,619.00,"6,190.00",2024-03-20
83,HRL,2024032005000200,57,59,10.00,619.00,"6,190.00",2024-03-20
84,HRL,2024032005000203,57,28,10.00,619.00,"6,190.00",2024-03-20
85,HRL,2024032005000204,57,49,10.00,619.00,"6,190.00",2024-03-20
86,HRL,2024032005000208,57,34,10.00,619.00,"6,190.00",2024-03-20
87,HRL,2024032005000209,57,58,10.00,619.00,"6,190.00",2024-03-20
88,HRL,2024032005000211,57,38,20.00,619.00,"12,380.00",2024-03-20
89,HRL,2024032005000212,57,1,20.00,619.00,"12,380.00",2024-03-20
90,HRL,2024032005000213,57,28,10.00,619.00,"6,190.00",2024-03-20
91,HRL,2024032005000225,57,29,20.00,619.00,"12,380.00",2024-03-20
92,HRL,2024032005000229,57,35,15.00,619.00,"9,285.00",2024-03-20
93,HRL,2024032005000230,57,35,5.00,619.00,"3,095.00",2024-03-20
94,HRL,2024032005000231,13,1,10.00,619.00,"6,190.00",2024-03-20
95,HRL,2024032005000232,13,6,10.00,619.00,"6,190.00",2024-03-20
96,HRL,2024032005000234,13,55,10.00,619.00,"6,190.00",2024-03-20
97,HRL,2024032005000235,13,22,10.00,619.00,"6,190.00",2024-03-20
98,HRL,2024032005000236,13,26,10.00,619.00,"6,190.00",2024-03-20
99,HRL,2024032005000237,13,32,50.00,619.00,"30,950.00",2024-03-20
100,HRL,2024032005000238,42,32,20.00,619.00,"12,380.00",2024-03-20
101,HRL,2024032005000239,55,32,50.00,619.00,"30,950.00",2024-03-20
102,HRL,2024032005000240,57,51,10.00,620.00,"6,200.00",2024-03-20
103,HRL,2024032005000241,57,71,50.00,620.00,"31,000.00",2024-03-20
104,HRL,2024032005000242,57,35,20.00,620.00,"12,400.00",2024-03-20
105,HRL,2024032005000243,57,45,10.00,620.00,"6,200.00",2024-03-20
106,HRL,2024032005000244,57,58,30.00,620.00,"18,600.00",2024-03-20
107,HRL,2024032005000245,57,22,10.00,620.00,"6,200.00",2024-03-20
108,HRL,2024032005000246,57,21,10.00,620.00,"6,200.00",2024-03-20
109,HRL,2024032005000247,57,19,20.00,620.00,"12,400.00",2024-03-20
110,HRL,2024032005000248,57,19,30.00,620.00,"18,600.00",2024-03-20
111,HRL,2024032005000249,57,19,10.00,620.00,"6,200.00",2024-03-20
112,HRL,2024032005000250,55,6,10.00,619.00,"6,190.00",2024-03-20
113,HRL,2024032005000251,55,33,20.00,619.00,"12,380.00",2024-03-20
114,HRL,2024032005000252,55,63,10.00,619.00,"6,190.00",2024-03-20
115,HRL,2024032005000253,55,19,10.00,619.00,"6,190.00",2024-03-20
116,HRL,2024032005000255,55,58,10.00,619.00,"6,190.00",2024-03-20
117,HRL,2024032005000256,55,68,10.00,619.00,"6,190.00",2024-03-20
118,HRL,2024032005000257,55,6,10.00,619.00,"6,190.00",2024-03-20
119,HRL,2024032005000258,37,50,200.00,619.10,"123,820.00",2024-03-20
120,HRL,2024032005000261,37,86,620.00,619.10,"383,842.00",2024-03-20
121,HRL,2024032005000265,37,36,20.00,619.10,"12,382.00",2024-03-20
122,HRL,2024032005000266,37,52,10.00,619.10,"6,191.00",2024-03-20
123,HRL,2024032005000267,37,32,40.00,619.10,"24,764.00",2024-03-20
124,HRL,2024032005000268,37,6,10.00,619.10,"6,191.00",2024-03-20
125,HRL,2024032005000279,37,43,50.00,619.10,"30,955.00",2024-03-20
126,HRL,2024032005000281,37,58,20.00,619.10,"12,382.00",2024-03-20
127,HRL,2024032005000283,37,37,10.00,619.10,"6,191.00",2024-03-20
128,HRL,2024032005000284,37,5,20.00,619.10,"12,382.00",2024-03-20
129,HRL,2024032005000285,58,5,23.00,619.10,"14,239.30",2024-03-20
130,HRL,2024032005000286,55,5,657.00,619.00,"406,683.00",2024-03-20
131,HRL,2024032005000301,55,6,10.00,619.00,"6,190.00",2024-03-20
132,HRL,2024032005000302,55,48,"1,203.00",619.00,"744,657.00",2024-03-20
133,HRL,2024032005000303,55,48,797.00,619.00,"493,343.00",2024-03-20
134,HRL,2024032005000304,55,5,700.00,619.00,"433,300.00",2024-03-20
135,HRL,2024032005000306,55,38,10.00,619.00,"6,190.00",2024-03-20
136,HRL,2024032005000307,55,56,30.00,619.00,"18,570.00",2024-03-20
137,HRL,2024032005000310,55,48,80.00,619.00,"49,520.00",2024-03-20
138,HRL,2024032005000311,55,5,383.00,619.00,"237,077.00",2024-03-20
139,HRL,2024032005000314,21,57,10.00,618.10,"6,181.00",2024-03-20
140,HRL,2024032005000317,21,59,10.00,618.10,"6,181.00",2024-03-20
141,HRL,2024032005000318,57,5,100.00,619.00,"61,900.00",2024-03-20
142,HRL,2024032005000324,7,5,10.00,619.00,"6,190.00",2024-03-20
143,HRL,2024032005000325,55,5,267.00,619.00,"165,273.00",2024-03-20
144,HRL,2024032005000326,55,6,10.00,619.00,"6,190.00",2024-03-20
145,HRL,2024032005000327,55,58,10.00,619.00,"6,190.00",2024-03-20
146,HRL,2024032005000336,55,56,"1,000.00",619.00,"619,000.00",2024-03-20
147,HRL,2024032005000338,55,34,10.00,619.00,"6,190.00",2024-03-20
148,HRL,2024032005000339,55,41,10.00,619.00,"6,190.00",2024-03-20
149,HRL,2024032005000342,55,50,500.00,619.00,"309,500.00",2024-03-20
150,HRL,2024032005000345,55,8,10.00,619.00,"6,190.00",2024-03-20
151,HRL,2024032005000346,55,34,40.00,619.00,"24,760.00",2024-03-20
152,HRL,2024032005000347,55,6,10.00,619.00,"6,190.00",2024-03-20
153,HRL,2024032005000348,44,35,20.00,620.00,"12,400.00",2024-03-20
154,HRL,2024032005000349,44,38,10.00,620.00,"6,200.00",2024-03-20
155,HRL,2024032005000350,44,35,20.00,620.00,"12,400.00",2024-03-20
156,HRL,2024032005000352,16,36,20.00,620.00,"12,400.00",2024-03-20
157,HRL,2024032005000353,16,35,20.00,620.00,"12,400.00",2024-03-20
158,HRL,2024032005000354,16,59,10.00,620.00,"6,200.00",2024-03-20
159,HRL,2024032005000355,16,68,20.00,620.00,"12,400.00",2024-03-20
160,HRL,2024032005000356,16,58,10.00,620.00,"6,200.00",2024-03-20
161,HRL,2024032005000357,16,58,20.00,620.00,"12,400.00",2024-03-20
162,HRL,2024032005000358,16,45,40.00,620.00,"24,800.00",2024-03-20
163,HRL,2024032005000359,16,38,10.00,620.00,"6,200.00",2024-03-20
164,HRL,2024032005000360,16,19,10.00,620.00,"6,200.00",2024-03-20
165,HRL,2024032005000361,16,48,10.00,620.00,"6,200.00",2024-03-20
166,HRL,2024032005000362,16,13,20.00,620.00,"12,400.00",2024-03-20
167,HRL,2024032005000368,16,42,10.00,620.00,"6,200.00",2024-03-20
168,HRL,2024032005000370,37,57,10.00,619.10,"6,191.00",2024-03-20
169,HRL,2024032005000371,37,43,50.00,619.10,"30,955.00",2024-03-20
170,HRL,2024032005000376,37,75,10.00,619.10,"6,191.00",2024-03-20
171,HRL,2024032005000377,37,49,20.00,619.10,"12,382.00",2024-03-20
172,HRL,2024032005000391,37,57,10.00,619.10,"6,191.00",2024-03-20
173,HRL,2024032005000392,37,58,10.00,619.10,"6,191.00",2024-03-20
174,HRL,2024032005000393,37,38,10.00,619.10,"6,191.00",2024-03-20
175,HRL,2024032005000396,37,59,10.00,619.10,"6,191.00",2024-03-20
176,HRL,2024032005000398,45,22,10.00,619.90,"6,199.00",2024-03-20
177,HRL,2024032005000399,45,22,10.00,619.90,"6,199.00",2024-03-20
178,HRL,2024032005000400,45,38,30.00,620.00,"18,600.00",2024-03-20
179,HRL,2024032005000401,45,58,10.00,620.00,"6,200.00",2024-03-20
180,HRL,2024032005000402,45,58,30.00,620.00,"18,600.00",2024-03-20
181,HRL,2024032005000403,45,22,10.00,620.00,"6,200.00",2024-03-20
182,HRL,2024032005000404,45,58,10.00,620.00,"6,200.00",2024-03-20
183,HRL,2024032005000405,45,58,20.00,620.00,"12,400.00",2024-03-20
184,HRL,2024032005000406,45,7,50.00,620.00,"31,000.00",2024-03-20
185,HRL,2024032005000407,45,41,10.00,620.00,"6,200.00",2024-03-20
186,HRL,2024032005000408,45,42,10.00,620.00,"6,200.00",2024-03-20
187,HRL,2024032005000409,45,6,10.00,620.00,"6,200.00",2024-03-20
188,HRL,2024032005000412,45,58,20.00,620.00,"12,400.00",2024-03-20
189,HRL,2024032005000416,45,22,10.00,620.00,"6,200.00",2024-03-20
190,HRL,2024032005000417,45,48,10.00,620.00,"6,200.00",2024-03-20
191,HRL,2024032005000418,45,55,20.00,620.00,"12,400.00",2024-03-20
192,HRL,2024032005000419,45,58,10.00,620.00,"6,200.00",2024-03-20
193,HRL,2024032005000429,45,49,10.00,620.00,"6,200.00",2024-03-20
194,HRL,2024032005000430,45,45,10.00,620.00,"6,200.00",2024-03-20
195,HRL,2024032005000431,16,48,10.00,620.00,"6,200.00",2024-03-20
196,HRL,2024032005000434,16,43,20.00,620.00,"12,400.00",2024-03-20
197,HRL,2024032005000437,16,42,10.00,620.00,"6,200.00",2024-03-20
198,HRL,2024032005000438,16,48,10.00,620.00,"6,200.00",2024-03-20
199,HRL,2024032005000439,16,17,10.00,620.00,"6,200.00",2024-03-20
200,HRL,2024032005000444,16,38,10.00,620.00,"6,200.00",2024-03-20
201,HRL,2024032005000447,16,42,10.00,620.00,"6,200.00",2024-03-20
202,HRL,2024032005000448,16,57,20.00,620.00,"12,400.00",2024-03-20
203,HRL,2024032005000451,6,38,10.00,619.20,"6,192.00",2024-03-20
204,HRL,2024032005000454,6,25,30.00,619.20,"18,576.00",2024-03-20
205,HRL,2024032005000458,6,75,10.00,619.20,"6,192.00",2024-03-20
206,HRL,2024032005000460,6,57,10.00,619.20,"6,192.00",2024-03-20
207,HRL,2024032005000461,6,62,10.00,619.20,"6,192.00",2024-03-20
208,HRL,2024032005000462,6,56,10.00,619.20,"6,192.00",2024-03-20
209,HRL,2024032005000466,57,58,30.00,620.00,"18,600.00",2024-03-20
210,HRL,2024032005000467,57,57,10.00,620.00,"6,200.00",2024-03-20
211,HRL,2024032005000468,57,58,20.00,620.00,"12,400.00",2024-03-20
212,HRL,2024032005000469,57,51,10.00,620.00,"6,200.00",2024-03-20
213,HRL,2024032005000470,57,38,50.00,620.00,"31,000.00",2024-03-20
214,HRL,2024032005000471,57,32,80.00,620.00,"49,600.00",2024-03-20
215,HRL,2024032005000472,6,32,50.00,619.20,"30,960.00",2024-03-20
216,HRL,2024032005000474,6,38,10.00,619.20,"6,192.00",2024-03-20
217,HRL,2024032005000482,6,35,20.00,619.20,"12,384.00",2024-03-20
218,HRL,2024032005000483,6,42,10.00,619.20,"6,192.00",2024-03-20
219,HRL,2024032005000486,6,28,20.00,619.20,"12,384.00",2024-03-20
220,HRL,2024032005000494,28,62,100.00,619.50,"61,950.00",2024-03-20
221,HRL,2024032005000495,6,62,310.00,619.20,"191,952.00",2024-03-20
222,HRL,2024032005000500,57,62,90.00,619.20,"55,728.00",2024-03-20
223,HRL,2024032005000506,37,59,10.00,619.10,"6,191.00",2024-03-20
224,HRL,2024032005000508,37,36,30.00,619.10,"18,573.00",2024-03-20
225,HRL,2024032005000515,28,45,10.00,619.20,"6,192.00",2024-03-20
226,HRL,2024032005000518,28,34,10.00,619.20,"6,192.00",2024-03-20
227,HRL,2024032005000524,28,49,10.00,619.20,"6,192.00",2024-03-20
228,HRL,2024032005000525,28,49,10.00,619.20,"6,192.00",2024-03-20
229,HRL,2024032005000528,28,38,10.00,619.20,"6,192.00",2024-03-20
230,HRL,2024032005000533,28,6,10.00,619.20,"6,192.00",2024-03-20
231,HRL,2024032005000540,10,56,20.00,619.50,"12,390.00",2024-03-20
232,HRL,2024032005000543,10,54,20.00,619.50,"12,390.00",2024-03-20
233,HRL,2024032005000545,10,6,10.00,619.50,"6,195.00",2024-03-20
234,HRL,2024032005000547,10,4,10.00,619.50,"6,195.00",2024-03-20
235,HRL,2024032005000552,10,25,10.00,619.50,"6,195.00",2024-03-20
236,HRL,2024032005000553,57,38,10.00,619.50,"6,195.00",2024-03-20
237,HRL,2024032005000563,57,57,10.00,619.50,"6,195.00",2024-03-20
238,HRL,2024032005000564,57,46,10.00,619.50,"6,195.00",2024-03-20
239,HRL,2024032005000565,57,38,10.00,619.50,"6,195.00",2024-03-20
240,HRL,2024032005000566,57,22,10.00,619.50,"6,195.00",2024-03-20
241,HRL,2024032005000578,46,58,20.00,619.50,"12,390.00",2024-03-20
242,HRL,2024032005000580,46,4,10.00,619.50,"6,195.00",2024-03-20
243,HRL,2024032005000584,28,34,10.00,619.20,"6,192.00",2024-03-20
244,HRL,2024032005000588,28,34,20.00,619.20,"12,384.00",2024-03-20
245,HRL,2024032005000591,28,49,10.00,619.20,"6,192.00",2024-03-20
246,HRL,2024032005000598,45,52,30.00,619.20,"18,576.00",2024-03-20
247,HRL,2024032005000599,45,35,20.00,619.20,"12,384.00",2024-03-20
248,HRL,2024032005000601,58,34,20.00,619.20,"12,384.00",2024-03-20
249,HRL,2024032005000603,57,34,10.00,619.50,"6,195.00",2024-03-20
250,HRL,2024032005000605,58,51,19.00,619.20,"11,764.80",2024-03-20
251,HRL,2024032005000607,58,45,10.00,619.20,"6,192.00",2024-03-20
252,HRL,2024032005000608,37,25,10.00,619.10,"6,191.00",2024-03-20
253,HRL,2024032005000619,37,58,20.00,619.10,"12,382.00",2024-03-20
254,HRL,2024032005000620,45,6,10.00,619.20,"6,192.00",2024-03-20
255,HRL,2024032005000622,45,47,10.00,619.20,"6,192.00",2024-03-20
256,HRL,2024032005000623,45,58,10.00,619.20,"6,192.00",2024-03-20
257,HRL,2024032005000624,45,42,20.00,619.20,"12,384.00",2024-03-20
258,HRL,2024032005000626,58,6,10.00,619.20,"6,192.00",2024-03-20
259,HRL,2024032005000627,58,47,10.00,619.20,"6,192.00",2024-03-20
260,HRL,2024032005000632,37,55,10.00,619.10,"6,191.00",2024-03-20
261,HRL,2024032005000633,37,52,10.00,619.10,"6,191.00",2024-03-20
262,HRL,2024032005000634,37,34,30.00,619.10,"18,573.00",2024-03-20
263,HRL,2024032005000635,37,49,20.00,619.10,"12,382.00",2024-03-20
264,HRL,2024032005000636,37,14,30.00,619.10,"18,573.00",2024-03-20
265,HRL,2024032005000637,39,34,10.00,619.50,"6,195.00",2024-03-20
266,HRL,2024032005000638,39,58,10.00,619.50,"6,195.00",2024-03-20
267,HRL,2024032005000639,39,7,10.00,619.50,"6,195.00",2024-03-20
268,HRL,2024032005000640,39,62,20.00,619.50,"12,390.00",2024-03-20
269,HRL,2024032005000641,37,21,10.00,619.10,"6,191.00",2024-03-20
270,HRL,2024032005000642,37,1,10.00,619.10,"6,191.00",2024-03-20
271,HRL,2024032005000643,37,54,20.00,619.10,"12,382.00",2024-03-20
272,HRL,2024032005000644,37,55,20.00,619.10,"12,382.00",2024-03-20
273,HRL,2024032005000645,37,59,10.00,619.10,"6,191.00",2024-03-20
274,HRL,2024032005000646,37,32,10.00,619.10,"6,191.00",2024-03-20
275,HRL,2024032005000647,37,46,10.00,619.10,"6,191.00",2024-03-20
276,HRL,2024032005000653,37,58,10.00,619.10,"6,191.00",2024-03-20
277,HRL,2024032005000655,37,42,10.00,619.10,"6,191.00",2024-03-20
278,HRL,2024032005000656,37,42,10.00,619.10,"6,191.00",2024-03-20
279,HRL,2024032005000659,37,34,20.00,619.10,"12,382.00",2024-03-20
280,HRL,2024032005000661,37,45,20.00,619.10,"12,382.00",2024-03-20
281,HRL,2024032005000662,37,21,10.00,619.10,"6,191.00",2024-03-20
282,HRL,2024032005000663,62,22,30.00,619.20,"18,576.00",2024-03-20
283,HRL,2024032005000669,56,38,30.00,619.40,"18,582.00",2024-03-20
284,HRL,2024032005000670,56,35,20.00,619.50,"12,390.00",2024-03-20
285,HRL,2024032005000671,56,52,10.00,619.50,"6,195.00",2024-03-20
286,HRL,2024032005000674,61,58,30.00,620.00,"18,600.00",2024-03-20
287,HRL,2024032005000675,61,59,10.00,620.00,"6,200.00",2024-03-20
288,HRL,2024032005000676,61,62,20.00,620.00,"12,400.00",2024-03-20
289,HRL,2024032005000677,61,11,10.00,620.00,"6,200.00",2024-03-20
290,HRL,2024032005000678,61,58,10.00,620.00,"6,200.00",2024-03-20
291,HRL,2024032005000679,61,16,10.00,620.00,"6,200.00",2024-03-20
292,HRL,2024032005000680,61,49,20.00,620.00,"12,400.00",2024-03-20
293,HRL,2024032005000681,61,85,20.00,620.00,"12,400.00",2024-03-20
294,HRL,2024032005000682,61,57,10.00,620.00,"6,200.00",2024-03-20
295,HRL,2024032005000683,61,43,10.00,620.00,"6,200.00",2024-03-20
296,HRL,2024032005000684,61,85,20.00,620.00,"12,400.00",2024-03-20
297,HRL,2024032005000685,61,58,10.00,620.00,"6,200.00",2024-03-20
298,HRL,2024032005000686,61,35,20.00,620.00,"12,400.00",2024-03-20
299,HRL,2024032005000687,61,65,30.00,620.00,"18,600.00",2024-03-20
300,HRL,2024032005000688,61,25,10.00,620.00,"6,200.00",2024-03-20
301,HRL,2024032005000689,61,58,10.00,620.00,"6,200.00",2024-03-20
302,HRL,2024032005000690,61,16,250.00,620.00,"155,000.00",2024-03-20
303,HRL,2024032005000691,56,58,10.00,619.50,"6,195.00",2024-03-20
304,HRL,2024032005000692,56,49,20.00,619.50,"12,390.00",2024-03-20
305,HRL,2024032005000696,56,42,20.00,619.50,"12,390.00",2024-03-20
306,HRL,2024032005000702,56,21,10.00,619.50,"6,195.00",2024-03-20
307,HRL,2024032005000704,32,16,750.00,620.00,"465,000.00",2024-03-20
308,HRL,2024032005000705,32,6,10.00,620.00,"6,200.00",2024-03-20
309,HRL,2024032005000706,32,44,10.00,620.00,"6,200.00",2024-03-20
310,HRL,2024032005000707,32,4,10.00,620.00,"6,200.00",2024-03-20
311,HRL,2024032005000708,32,17,10.00,620.00,"6,200.00",2024-03-20
312,HRL,2024032005000709,32,52,20.00,620.00,"12,400.00",2024-03-20
313,HRL,2024032005000710,32,35,10.00,620.00,"6,200.00",2024-03-20
314,HRL,2024032005000711,32,48,10.00,620.00,"6,200.00",2024-03-20
315,HRL,2024032005000712,32,47,10.00,620.00,"6,200.00",2024-03-20
316,HRL,2024032005000713,32,22,10.00,620.00,"6,200.00",2024-03-20
317,HRL,2024032005000714,32,7,10.00,620.00,"6,200.00",2024-03-20
318,HRL,2024032005000715,32,48,10.00,620.00,"6,200.00",2024-03-20
319,HRL,2024032005000716,32,38,10.00,620.00,"6,200.00",2024-03-20
320,HRL,2024032005000717,32,58,10.00,620.00,"6,200.00",2024-03-20
321,HRL,2024032005000723,65,57,30.00,621.00,"18,630.00",2024-03-20
322,HRL,2024032005000724,65,57,30.00,621.00,"18,630.00",2024-03-20
323,HRL,2024032005000725,65,45,10.00,621.00,"6,210.00",2024-03-20
324,HRL,2024032005000726,65,57,20.00,621.00,"12,420.00",2024-03-20
325,HRL,2024032005000727,65,46,10.00,621.00,"6,210.00",2024-03-20
326,HRL,2024032005000729,45,58,10.00,620.10,"6,201.00",2024-03-20
327,HRL,2024032005000731,45,58,10.00,620.10,"6,201.00",2024-03-20
328,HRL,2024032005000740,45,14,20.00,620.10,"12,402.00",2024-03-20
329,HRL,2024032005000743,45,58,100.00,620.10,"62,010.00",2024-03-20
330,HRL,2024032005000746,62,45,20.00,621.00,"12,420.00",2024-03-20
331,HRL,2024032005000747,62,55,10.00,621.00,"6,210.00",2024-03-20
332,HRL,2024032005000748,62,58,30.00,621.00,"18,630.00",2024-03-20
333,HRL,2024032005000749,62,46,10.00,621.00,"6,210.00",2024-03-20
334,HRL,2024032005000750,62,45,10.00,621.00,"6,210.00",2024-03-20
335,HRL,2024032005000751,62,58,30.00,621.00,"18,630.00",2024-03-20
336,HRL,2024032005000752,62,55,20.00,621.00,"12,420.00",2024-03-20
337,HRL,2024032005000753,62,58,10.00,621.00,"6,210.00",2024-03-20
338,HRL,2024032005000754,62,13,30.00,621.00,"18,630.00",2024-03-20
339,HRL,2024032005000755,62,35,10.00,621.00,"6,210.00",2024-03-20
340,HRL,2024032005000756,62,17,50.00,621.10,"31,055.00",2024-03-20
341,HRL,2024032005000757,62,58,10.00,621.60,"6,216.00",2024-03-20
342,HRL,2024032005000758,62,11,10.00,621.70,"6,217.00",2024-03-20
343,HRL,2024032005000759,62,58,20.00,621.70,"12,434.00",2024-03-20
344,HRL,2024032005000760,62,4,10.00,621.90,"6,219.00",2024-03-20
345,HRL,2024032005000761,62,58,30.00,622.00,"18,660.00",2024-03-20
346,HRL,2024032005000762,62,58,10.00,622.00,"6,220.00",2024-03-20
347,HRL,2024032005000763,62,58,30.00,622.00,"18,660.00",2024-03-20
348,HRL,2024032005000764,62,49,30.00,622.00,"18,660.00",2024-03-20
349,HRL,2024032005000765,62,34,10.00,622.00,"6,220.00",2024-03-20
350,HRL,2024032005000766,62,47,10.00,622.00,"6,220.00",2024-03-20
351,HRL,2024032005000767,62,14,10.00,622.00,"6,220.00",2024-03-20
352,HRL,2024032005000768,62,4,20.00,622.00,"12,440.00",2024-03-20
353,HRL,2024032005000769,62,58,30.00,622.00,"18,660.00",2024-03-20
354,HRL,2024032005000770,62,58,10.00,622.00,"6,220.00",2024-03-20
355,HRL,2024032005000782,45,34,20.00,620.10,"12,402.00",2024-03-20
356,HRL,2024032005000783,45,38,10.00,620.10,"6,201.00",2024-03-20
357,HRL,2024032005000797,13,44,10.00,620.20,"6,202.00",2024-03-20
358,HRL,2024032005000798,13,37,30.00,620.20,"18,606.00",2024-03-20
359,HRL,2024032005000802,13,75,10.00,620.20,"6,202.00",2024-03-20
360,HRL,2024032005000803,13,35,10.00,620.20,"6,202.00",2024-03-20
361,HRL,2024032005000808,13,58,20.00,620.20,"12,404.00",2024-03-20
362,HRL,2024032005000809,13,40,20.00,620.20,"12,404.00",2024-03-20
363,HRL,2024032005000810,45,40,10.00,620.10,"6,201.00",2024-03-20
364,HRL,2024032005000811,45,21,10.00,620.10,"6,201.00",2024-03-20
365,HRL,2024032005000813,45,52,10.00,620.10,"6,201.00",2024-03-20
366,HRL,2024032005000815,45,29,20.00,620.10,"12,402.00",2024-03-20
367,HRL,2024032005000819,45,60,30.00,620.10,"18,603.00",2024-03-20
368,HRL,2024032005000820,32,60,40.00,620.00,"24,800.00",2024-03-20
369,HRL,2024032005000821,32,54,20.00,620.00,"12,400.00",2024-03-20
370,HRL,2024032005000822,32,35,10.00,620.00,"6,200.00",2024-03-20
371,HRL,2024032005000823,13,22,10.00,620.10,"6,201.00",2024-03-20
372,HRL,2024032005000824,13,58,20.00,620.10,"12,402.00",2024-03-20
373,HRL,2024032005000832,13,36,10.00,620.10,"6,201.00",2024-03-20
374,HRL,2024032005000833,13,21,10.00,620.10,"6,201.00",2024-03-20
375,HRL,2024032005000834,13,58,20.00,620.10,"12,402.00",2024-03-20
376,HRL,2024032005000837,13,58,10.00,620.10,"6,201.00",2024-03-20
377,HRL,2024032005000838,13,41,10.00,620.10,"6,201.00",2024-03-20
378,HRL,2024032005000839,13,58,10.00,620.10,"6,201.00",2024-03-20
379,HRL,2024032005000841,32,35,10.00,620.00,"6,200.00",2024-03-20
380,HRL,2024032005000844,32,41,10.00,620.00,"6,200.00",2024-03-20
381,HRL,2024032005000857,32,34,20.00,620.00,"12,400.00",2024-03-20
382,HRL,2024032005000859,32,52,10.00,620.00,"6,200.00",2024-03-20
383,HRL,2024032005000860,32,59,10.00,620.00,"6,200.00",2024-03-20
384,HRL,2024032005000861,32,49,20.00,620.00,"12,400.00",2024-03-20
385,HRL,2024032005000862,32,46,30.00,620.00,"18,600.00",2024-03-20
386,HRL,2024032005000870,32,14,10.00,620.00,"6,200.00",2024-03-20
387,HRL,2024032005000875,7,42,10.00,620.10,"6,201.00",2024-03-20
388,HRL,2024032005000892,17,42,10.00,620.10,"6,201.00",2024-03-20
389,HRL,2024032005000893,17,16,490.00,620.50,"304,045.00",2024-03-20
390,HRL,2024032005000894,32,34,20.00,620.00,"12,400.00",2024-03-20
391,HRL,2024032005000897,32,37,20.00,620.00,"12,400.00",2024-03-20
392,HRL,2024032005000899,32,57,20.00,620.00,"12,400.00",2024-03-20
393,HRL,2024032005000900,32,38,20.00,620.00,"12,400.00",2024-03-20
394,HRL,2024032005000906,32,49,20.00,620.00,"12,400.00",2024-03-20
395,HRL,2024032005000908,32,49,20.00,620.00,"12,400.00",2024-03-20
396,HRL,2024032005000913,32,19,20.00,620.00,"12,400.00",2024-03-20
397,HRL,2024032005000920,25,7,10.00,620.10,"6,201.00",2024-03-20
398,HRL,2024032005000925,32,6,10.00,620.00,"6,200.00",2024-03-20
399,HRL,2024032005000926,32,58,10.00,620.00,"6,200.00",2024-03-20
400,HRL,2024032005000927,62,16,350.00,620.50,"217,175.00",2024-03-20
401,HRL,2024032005000928,32,57,10.00,620.00,"6,200.00",2024-03-20
402,HRL,2024032005000931,13,47,10.00,620.10,"6,201.00",2024-03-20
403,HRL,2024032005000939,17,16,500.00,620.50,"310,250.00",2024-03-20
404,HRL,2024032005000943,50,16,100.00,620.50,"62,050.00",2024-03-20
405,HRL,2024032005000944,13,14,10.00,620.10,"6,201.00",2024-03-20
406,HRL,2024032005000945,13,36,10.00,620.10,"6,201.00",2024-03-20
407,HRL,2024032005000946,13,58,10.00,620.10,"6,201.00",2024-03-20
408,HRL,2024032005000947,62,16,60.00,620.50,"37,230.00",2024-03-20
409,HRL,2024032005000948,62,36,10.00,620.50,"6,205.00",2024-03-20
410,HRL,2024032005000950,34,58,10.00,620.50,"6,205.00",2024-03-20
411,HRL,2024032005000951,34,6,10.00,620.50,"6,205.00",2024-03-20
412,HRL,2024032005000952,34,19,20.00,620.50,"12,410.00",2024-03-20
413,HRL,2024032005000954,34,6,10.00,620.50,"6,205.00",2024-03-20
414,HRL,2024032005000956,48,29,10.00,621.00,"6,210.00",2024-03-20
415,HRL,2024032005000957,48,58,10.00,621.00,"6,210.00",2024-03-20
416,HRL,2024032005000958,48,58,10.00,621.00,"6,210.00",2024-03-20
417,HRL,2024032005000959,48,52,10.00,621.00,"6,210.00",2024-03-20
418,HRL,2024032005000960,48,87,10.00,621.00,"6,210.00",2024-03-20
419,HRL,2024032005000961,48,34,20.00,621.50,"12,430.00",2024-03-20
420,HRL,2024032005000962,48,45,10.00,622.00,"6,220.00",2024-03-20
421,HRL,2024032005000963,48,45,10.00,622.00,"6,220.00",2024-03-20
422,HRL,2024032005000964,48,7,10.00,622.00,"6,220.00",2024-03-20
423,HRL,2024032005000965,48,58,10.00,622.00,"6,220.00",2024-03-20
424,HRL,2024032005000966,48,45,10.00,622.00,"6,220.00",2024-03-20
425,HRL,2024032005000967,48,21,20.00,622.00,"12,440.00",2024-03-20
426,HRL,2024032005000968,48,49,10.00,622.00,"6,220.00",2024-03-20
427,HRL,2024032005000969,48,58,10.00,622.00,"6,220.00",2024-03-20
428,HRL,2024032005000970,34,58,10.00,620.50,"6,205.00",2024-03-20
429,HRL,2024032005000975,34,35,10.00,620.50,"6,205.00",2024-03-20
430,HRL,2024032005000976,34,6,10.00,620.50,"6,205.00",2024-03-20
431,HRL,2024032005000979,34,1,10.00,620.50,"6,205.00",2024-03-20
432,HRL,2024032005000980,34,65,10.00,620.50,"6,205.00",2024-03-20
433,HRL,2024032005000981,13,65,60.00,620.10,"37,206.00",2024-03-20
434,HRL,2024032005000982,32,65,250.00,620.00,"155,000.00",2024-03-20
435,HRL,2024032005000983,38,65,35.00,620.00,"21,700.00",2024-03-20
436,HRL,2024032005000984,41,65,130.00,620.00,"80,600.00",2024-03-20
437,HRL,2024032005000985,58,65,30.00,620.00,"18,600.00",2024-03-20
438,HRL,2024032005000987,57,22,30.00,619.60,"18,588.00",2024-03-20
439,HRL,2024032005000988,57,19,20.00,619.60,"12,392.00",2024-03-20
440,HRL,2024032005000998,52,65,125.00,620.00,"77,500.00",2024-03-20
441,HRL,2024032005001000,49,65,700.00,620.00,"434,000.00",2024-03-20
442,HRL,2024032005001001,57,6,10.00,619.60,"6,196.00",2024-03-20
443,HRL,2024032005001002,57,58,10.00,619.60,"6,196.00",2024-03-20
444,HRL,2024032005001003,38,65,200.00,620.00,"124,000.00",2024-03-20
445,HRL,2024032005001006,57,1,10.00,619.60,"6,196.00",2024-03-20
446,HRL,2024032005001007,57,19,20.00,619.60,"12,392.00",2024-03-20
447,HRL,2024032005001009,14,65,20.00,620.00,"12,400.00",2024-03-20
448,HRL,2024032005001010,57,58,10.00,619.60,"6,196.00",2024-03-20
449,HRL,2024032005001011,57,65,50.00,620.00,"31,000.00",2024-03-20
450,HRL,2024032005001012,57,26,10.00,619.60,"6,196.00",2024-03-20
451,HRL,2024032005001014,57,58,10.00,619.60,"6,196.00",2024-03-20
452,HRL,2024032005001015,57,1,10.00,619.70,"6,197.00",2024-03-20
453,HRL,2024032005001016,57,57,10.00,619.70,"6,197.00",2024-03-20
454,HRL,2024032005001017,57,13,10.00,619.70,"6,197.00",2024-03-20
455,HRL,2024032005001019,45,57,10.00,619.80,"6,198.00",2024-03-20
456,HRL,2024032005001022,1,65,100.00,620.00,"62,000.00",2024-03-20
457,HRL,2024032005001025,45,55,10.00,619.80,"6,198.00",2024-03-20
458,HRL,2024032005001026,45,38,10.00,619.80,"6,198.00",2024-03-20
459,HRL,2024032005001029,45,41,10.00,619.80,"6,198.00",2024-03-20
460,HRL,2024032005001030,45,50,60.00,619.80,"37,188.00",2024-03-20
461,HRL,2024032005001031,57,50,170.00,619.70,"105,349.00",2024-03-20
462,HRL,2024032005001032,57,50,10.00,619.60,"6,196.00",2024-03-20
463,HRL,2024032005001033,57,1,10.00,619.60,"6,196.00",2024-03-20
464,HRL,2024032005001034,57,44,10.00,619.60,"6,196.00",2024-03-20
465,HRL,2024032005001035,57,38,10.00,619.60,"6,196.00",2024-03-20
466,HRL,2024032005001036,57,38,20.00,619.60,"12,392.00",2024-03-20
467,HRL,2024032005001038,57,28,10.00,619.60,"6,196.00",2024-03-20
468,HRL,2024032005001039,53,58,20.00,619.80,"12,396.00",2024-03-20
469,HRL,2024032005001040,53,65,80.00,620.00,"49,600.00",2024-03-20
470,HRL,2024032005001041,57,49,10.00,619.60,"6,196.00",2024-03-20
471,HRL,2024032005001046,17,65,50.00,620.00,"31,000.00",2024-03-20
472,HRL,2024032005001047,1,65,100.00,620.00,"62,000.00",2024-03-20
473,HRL,2024032005001054,18,65,100.00,620.00,"62,000.00",2024-03-20
474,HRL,2024032005001059,57,45,20.00,619.60,"12,392.00",2024-03-20
475,HRL,2024032005001060,13,1,10.00,619.70,"6,197.00",2024-03-20
476,HRL,2024032005001062,13,20,10.00,619.70,"6,197.00",2024-03-20
477,HRL,2024032005001063,13,35,10.00,619.70,"6,197.00",2024-03-20
478,HRL,2024032005001065,13,38,10.00,619.70,"6,197.00",2024-03-20
479,HRL,2024032005001073,13,6,10.00,619.70,"6,197.00",2024-03-20
480,HRL,2024032005001076,13,39,30.00,619.70,"18,591.00",2024-03-20
481,HRL,2024032005001077,13,1,10.00,619.70,"6,197.00",2024-03-20
482,HRL,2024032005001079,13,58,10.00,619.70,"6,197.00",2024-03-20
483,HRL,2024032005001082,57,57,10.00,619.60,"6,196.00",2024-03-20
484,HRL,2024032005001084,57,10,20.00,619.60,"12,392.00",2024-03-20
485,HRL,2024032005001086,57,42,20.00,619.60,"12,392.00",2024-03-20
486,HRL,2024032005001087,26,17,10.00,619.80,"6,198.00",2024-03-20
487,HRL,2024032005001088,13,4,10.00,619.70,"6,197.00",2024-03-20
488,HRL,2024032005001090,13,6,10.00,619.70,"6,197.00",2024-03-20
489,HRL,2024032005001094,13,39,30.00,619.70,"18,591.00",2024-03-20
490,HRL,2024032005001100,13,39,40.00,619.70,"24,788.00",2024-03-20
491,HRL,2024032005001101,13,38,10.00,619.70,"6,197.00",2024-03-20
492,HRL,2024032005001102,22,65,100.00,620.00,"62,000.00",2024-03-20
493,HRL,2024032005001103,57,39,30.00,619.60,"18,588.00",2024-03-20
494,HRL,2024032005001104,13,10,20.00,619.70,"12,394.00",2024-03-20
495,HRL,2024032005001106,58,65,14.00,620.00,"8,680.00",2024-03-20
496,HRL,2024032005001107,13,10,20.00,619.70,"12,394.00",2024-03-20
497,HRL,2024032005001108,13,10,20.00,619.70,"12,394.00",2024-03-20
498,HRL,2024032005001119,13,45,10.00,619.70,"6,197.00",2024-03-20
499,HRL,2024032005001122,13,59,10.00,619.70,"6,197.00",2024-03-20
500,HRL,2024032005001123,13,6,10.00,619.70,"6,197.00",2024-03-20
501,HRL,2024032005001126,13,58,10.00,619.70,"6,197.00",2024-03-20
502,HRL,2024032005001128,49,16,10.00,619.70,"6,197.00",2024-03-20
503,HRL,2024032005001131,49,65,146.00,619.70,"90,476.20",2024-03-20
504,HRL,2024032005001132,49,45,20.00,619.70,"12,394.00",2024-03-20
505,HRL,2024032005001135,49,10,20.00,619.70,"12,394.00",2024-03-20
506,HRL,2024032005001139,57,74,467.00,619.60,"289,353.20",2024-03-20
507,HRL,2024032005001140,35,74,33.00,619.60,"20,446.80",2024-03-20
508,HRL,2024032005001143,35,39,17.00,619.60,"10,533.20",2024-03-20
509,HRL,2024032005001144,58,39,13.00,619.60,"8,054.80",2024-03-20
510,HRL,2024032005001147,7,68,10.00,619.70,"6,197.00",2024-03-20
511,HRL,2024032005001148,38,10,10.00,619.70,"6,197.00",2024-03-20
512,HRL,2024032005001149,56,10,90.00,619.50,"55,755.00",2024-03-20
513,HRL,2024032005001150,13,6,10.00,619.60,"6,196.00",2024-03-20
514,HRL,2024032005001152,13,39,40.00,619.60,"24,784.00",2024-03-20
515,HRL,2024032005001153,13,57,20.00,619.60,"12,392.00",2024-03-20
516,HRL,2024032005001156,13,34,30.00,619.60,"18,588.00",2024-03-20
517,HRL,2024032005001157,7,58,30.00,619.90,"18,597.00",2024-03-20
518,HRL,2024032005001158,7,34,20.00,619.90,"12,398.00",2024-03-20
519,HRL,2024032005001160,41,36,10.00,619.60,"6,196.00",2024-03-20
520,HRL,2024032005001162,40,35,10.00,620.00,"6,200.00",2024-03-20
521,HRL,2024032005001163,40,58,10.00,620.00,"6,200.00",2024-03-20
522,HRL,2024032005001164,40,19,10.00,620.00,"6,200.00",2024-03-20
523,HRL,2024032005001165,40,41,10.00,620.00,"6,200.00",2024-03-20
524,HRL,2024032005001166,40,29,20.00,620.00,"12,400.00",2024-03-20
525,HRL,2024032005001167,40,47,10.00,620.00,"6,200.00",2024-03-20
526,HRL,2024032005001168,40,14,10.00,620.00,"6,200.00",2024-03-20
527,HRL,2024032005001169,40,38,10.00,620.00,"6,200.00",2024-03-20
528,HRL,2024032005001170,40,34,10.00,620.00,"6,200.00",2024-03-20
529,HRL,2024032005001171,40,35,30.00,620.00,"18,600.00",2024-03-20
530,HRL,2024032005001172,40,8,10.00,620.00,"6,200.00",2024-03-20
531,HRL,2024032005001173,40,45,10.00,620.00,"6,200.00",2024-03-20
532,HRL,2024032005001174,40,17,10.00,620.00,"6,200.00",2024-03-20
533,HRL,2024032005001175,40,7,10.00,620.00,"6,200.00",2024-03-20
534,HRL,2024032005001176,40,48,60.00,620.00,"37,200.00",2024-03-20
535,HRL,2024032005001177,40,58,10.00,620.00,"6,200.00",2024-03-20
536,HRL,2024032005001178,40,16,10.00,620.00,"6,200.00",2024-03-20
537,HRL,2024032005001179,40,29,20.00,620.00,"12,400.00",2024-03-20
538,HRL,2024032005001180,40,89,10.00,620.00,"6,200.00",2024-03-20
539,HRL,2024032005001181,40,49,20.00,620.00,"12,400.00",2024-03-20
540,HRL,2024032005001182,40,48,10.00,620.00,"6,200.00",2024-03-20
541,HRL,2024032005001183,40,34,20.00,620.00,"12,400.00",2024-03-20
542,HRL,2024032005001184,40,43,10.00,620.00,"6,200.00",2024-03-20
543,HRL,2024032005001186,40,39,30.00,620.00,"18,600.00",2024-03-20
544,HRL,2024032005001187,40,51,20.00,620.00,"12,400.00",2024-03-20
545,HRL,2024032005001188,40,62,10.00,620.00,"6,200.00",2024-03-20
546,HRL,2024032005001189,17,6,10.00,620.10,"6,201.00",2024-03-20
547,HRL,2024032005001196,58,13,10.00,620.30,"6,203.00",2024-03-20
548,HRL,2024032005001197,58,42,10.00,620.50,"6,205.00",2024-03-20
549,HRL,2024032005001198,58,35,10.00,621.00,"6,210.00",2024-03-20
550,HRL,2024032005001199,58,32,10.00,621.00,"6,210.00",2024-03-20
551,HRL,2024032005001200,58,21,10.00,621.00,"6,210.00",2024-03-20
552,HRL,2024032005001201,17,41,10.00,620.10,"6,201.00",2024-03-20
553,HRL,2024032005001205,1,6,10.00,620.20,"6,202.00",2024-03-20
554,HRL,2024032005001206,1,77,30.00,620.20,"18,606.00",2024-03-20
555,HRL,2024032005001208,1,58,10.00,620.20,"6,202.00",2024-03-20
556,HRL,2024032005001209,19,1,10.00,620.30,"6,203.00",2024-03-20
557,HRL,2024032005001215,25,21,10.00,621.00,"6,210.00",2024-03-20
558,HRL,2024032005001216,25,38,10.00,621.00,"6,210.00",2024-03-20
559,HRL,2024032005001217,25,42,10.00,621.00,"6,210.00",2024-03-20
560,HRL,2024032005001218,25,58,10.00,621.00,"6,210.00",2024-03-20
561,HRL,2024032005001219,25,57,10.00,621.00,"6,210.00",2024-03-20
562,HRL,2024032005001220,25,8,30.00,621.00,"18,630.00",2024-03-20
563,HRL,2024032005001221,25,34,30.00,621.00,"18,630.00",2024-03-20
564,HRL,2024032005001223,19,58,10.00,620.30,"6,203.00",2024-03-20
565,HRL,2024032005001225,1,42,10.00,620.20,"6,202.00",2024-03-20
566,HRL,2024032005001227,1,34,32.00,620.20,"19,846.40",2024-03-20
567,HRL,2024032005001228,17,34,168.00,620.10,"104,176.80",2024-03-20
568,HRL,2024032005001235,17,56,10.00,620.10,"6,201.00",2024-03-20
569,HRL,2024032005001253,17,58,14.00,620.10,"8,681.40",2024-03-20
570,HRL,2024032005001255,17,6,10.00,620.10,"6,201.00",2024-03-20
571,HRL,2024032005001257,41,14,10.00,620.30,"6,203.00",2024-03-20
572,HRL,2024032005001261,41,22,10.00,621.00,"6,210.00",2024-03-20
573,HRL,2024032005001263,41,22,10.00,621.00,"6,210.00",2024-03-20
574,HRL,2024032005001268,41,59,10.00,621.00,"6,210.00",2024-03-20
575,HRL,2024032005001269,41,58,10.00,621.00,"6,210.00",2024-03-20
576,HRL,2024032005001272,41,14,10.00,621.00,"6,210.00",2024-03-20
577,HRL,2024032005001273,41,49,20.00,621.00,"12,420.00",2024-03-20
578,HRL,2024032005001274,41,58,10.00,621.00,"6,210.00",2024-03-20
579,HRL,2024032005001275,38,56,10.00,621.40,"6,214.00",2024-03-20
580,HRL,2024032005001281,41,49,30.00,621.00,"18,630.00",2024-03-20
581,HRL,2024032005001282,1,56,100.00,621.40,"62,140.00",2024-03-20
582,HRL,2024032005001284,41,52,10.00,621.00,"6,210.00",2024-03-20
583,HRL,2024032005001285,41,8,20.00,621.00,"12,420.00",2024-03-20
584,HRL,2024032005001286,41,45,10.00,621.00,"6,210.00",2024-03-20
585,HRL,2024032005001287,41,58,20.00,621.00,"12,420.00",2024-03-20
586,HRL,2024032005001288,41,58,20.00,621.00,"12,420.00",2024-03-20
587,HRL,2024032005001289,41,58,10.00,621.00,"6,210.00",2024-03-20
588,HRL,2024032005001303,41,58,50.00,621.00,"31,050.00",2024-03-20
589,HRL,2024032005001304,41,45,20.00,621.00,"12,420.00",2024-03-20
590,HRL,2024032005001307,41,59,10.00,621.00,"6,210.00",2024-03-20
591,HRL,2024032005001308,41,57,10.00,621.00,"6,210.00",2024-03-20
592,HRL,2024032005001309,58,56,55.00,621.40,"34,177.00",2024-03-20
593,HRL,2024032005001310,41,49,20.00,621.00,"12,420.00",2024-03-20
594,HRL,2024032005001311,41,54,10.00,621.00,"6,210.00",2024-03-20
595,HRL,2024032005001312,41,22,10.00,621.00,"6,210.00",2024-03-20
596,HRL,2024032005001314,41,43,10.00,621.00,"6,210.00",2024-03-20
597,HRL,2024032005001315,41,58,20.00,621.00,"12,420.00",2024-03-20
598,HRL,2024032005001317,41,48,10.00,621.00,"6,210.00",2024-03-20
599,HRL,2024032005001318,41,54,10.00,621.00,"6,210.00",2024-03-20
600,HRL,2024032005001326,41,44,10.00,621.00,"6,210.00",2024-03-20
601,HRL,2024032005001327,42,44,20.00,621.00,"12,420.00",2024-03-20
602,HRL,2024032005001328,42,59,20.00,621.00,"12,420.00",2024-03-20
603,HRL,2024032005001329,17,59,38.00,620.10,"23,563.80",2024-03-20
604,HRL,2024032005001330,40,59,100.00,620.00,"62,000.00",2024-03-20
605,HRL,2024032005001331,58,59,30.00,620.00,"18,600.00",2024-03-20
606,HRL,2024032005001332,53,59,100.00,620.00,"62,000.00",2024-03-20
607,HRL,2024032005001333,13,59,50.00,620.00,"31,000.00",2024-03-20
608,HRL,2024032005001334,57,59,100.00,620.00,"62,000.00",2024-03-20
609,HRL,2024032005001335,56,59,30.00,619.90,"18,597.00",2024-03-20
610,HRL,2024032005001336,41,59,490.00,619.60,"303,604.00",2024-03-20
611,HRL,2024032005001337,37,59,"1,000.00",619.60,"619,600.00",2024-03-20
612,HRL,2024032005001338,56,59,290.00,619.50,"179,655.00",2024-03-20
613,HRL,2024032005001339,55,59,"2,000.00",619.50,"1,239,000.00",2024-03-20
614,HRL,2024032005001340,56,59,"3,840.00",619.50,"2,378,880.00",2024-03-20
615,HRL,2024032005001341,38,59,10.00,619.20,"6,192.00",2024-03-20
616,HRL,2024032005001342,37,59,530.00,619.10,"328,123.00",2024-03-20
617,HRL,2024032005001343,17,59,120.00,619.00,"74,280.00",2024-03-20
618,HRL,2024032005001344,10,59,30.00,619.00,"18,570.00",2024-03-20
619,HRL,2024032005001345,49,59,20.00,619.00,"12,380.00",2024-03-20
620,HRL,2024032005001346,58,59,15.00,619.00,"9,285.00",2024-03-20
621,HRL,2024032005001347,29,59,500.00,619.00,"309,500.00",2024-03-20
622,HRL,2024032005001348,58,59,30.00,619.00,"18,570.00",2024-03-20
623,HRL,2024032005001349,57,59,10.00,619.00,"6,190.00",2024-03-20
624,HRL,2024032005001350,21,59,30.00,618.10,"18,543.00",2024-03-20
625,HRL,2024032005001351,57,59,555.00,618.00,"342,990.00",2024-03-20
626,HRL,2024032005001352,32,59,100.00,618.00,"61,800.00",2024-03-20
627,HRL,2024032005001353,43,59,50.00,618.00,"30,900.00",2024-03-20
628,HRL,2024032005001354,13,59,100.00,618.00,"61,800.00",2024-03-20
629,HRL,2024032005001355,58,59,30.00,618.00,"18,540.00",2024-03-20
630,HRL,2024032005001356,56,59,90.00,618.00,"55,620.00",2024-03-20
631,HRL,2024032005001357,58,59,10.00,618.00,"6,180.00",2024-03-20
632,HRL,2024032005001358,53,59,50.00,618.00,"30,900.00",2024-03-20
633,HRL,2024032005001359,51,59,20.00,618.00,"12,360.00",2024-03-20
634,HRL,2024032005001360,29,59,500.00,618.00,"309,000.00",2024-03-20
635,HRL,2024032005001361,42,59,50.00,618.00,"30,900.00",2024-03-20
636,HRL,2024032005001362,39,59,50.00,618.00,"30,900.00",2024-03-20
637,HRL,2024032005001363,57,59,100.00,616.00,"61,600.00",2024-03-20
638,HRL,2024032005001364,51,59,20.00,616.00,"12,320.00",2024-03-20
639,HRL,2024032005001365,33,59,45.00,616.00,"27,720.00",2024-03-20
640,HRL,2024032005001366,34,59,50.00,616.00,"30,800.00",2024-03-20
641,HRL,2024032005001367,41,59,60.00,616.00,"36,960.00",2024-03-20
642,HRL,2024032005001368,14,59,100.00,615.30,"61,530.00",2024-03-20
643,HRL,2024032005001369,49,59,200.00,615.20,"123,040.00",2024-03-20
644,HRL,2024032005001370,67,59,300.00,615.00,"184,500.00",2024-03-20
645,HRL,2024032005001371,57,59,200.00,615.00,"123,000.00",2024-03-20
646,HRL,2024032005001372,13,59,50.00,615.00,"30,750.00",2024-03-20
647,HRL,2024032005001373,38,59,40.00,615.00,"24,600.00",2024-03-20
648,HRL,2024032005001374,8,59,200.00,615.00,"123,000.00",2024-03-20
649,HRL,2024032005001375,25,59,100.00,615.00,"61,500.00",2024-03-20
650,HRL,2024032005001376,42,59,25.00,615.00,"15,375.00",2024-03-20
651,HRL,2024032005001377,26,59,20.00,615.00,"12,300.00",2024-03-20
652,HRL,2024032005001378,25,59,10.00,615.00,"6,150.00",2024-03-20
653,HRL,2024032005001379,38,59,200.00,615.00,"123,000.00",2024-03-20
654,HRL,2024032005001380,19,59,50.00,615.00,"30,750.00",2024-03-20
655,HRL,2024032005001381,6,59,60.00,615.00,"36,900.00",2024-03-20
656,HRL,2024032005001382,45,59,50.00,615.00,"30,750.00",2024-03-20
657,HRL,2024032005001383,35,59,10.00,615.00,"6,150.00",2024-03-20
658,HRL,2024032005001384,13,59,20.00,615.00,"12,300.00",2024-03-20
659,HRL,2024032005001385,49,59,150.00,615.00,"92,250.00",2024-03-20
660,HRL,2024032005001386,33,59,20.00,614.00,"12,280.00",2024-03-20
661,HRL,2024032005001387,50,59,510.00,614.00,"313,140.00",2024-03-20
662,HRL,2024032005001388,34,59,100.00,613.00,"61,300.00",2024-03-20
663,HRL,2024032005001389,22,59,35.00,612.50,"21,437.50",2024-03-20
664,HRL,2024032005001390,42,59,200.00,612.00,"122,400.00",2024-03-20
665,HRL,2024032005001391,6,59,10.00,612.00,"6,120.00",2024-03-20
666,HRL,2024032005001392,14,59,100.00,611.10,"61,110.00",2024-03-20
667,HRL,2024032005001393,58,59,500.00,611.00,"305,500.00",2024-03-20
668,HRL,2024032005001394,91,59,200.00,610.00,"122,000.00",2024-03-20
669,HRL,2024032005001395,42,59,10.00,610.00,"6,100.00",2024-03-20
670,HRL,2024032005001396,44,59,400.00,610.00,"244,000.00",2024-03-20
671,HRL,2024032005001397,57,59,555.00,610.00,"338,550.00",2024-03-20
672,HRL,2024032005001398,53,59,500.00,610.00,"305,000.00",2024-03-20
673,HRL,2024032005001399,37,59,"1,000.00",610.00,"610,000.00",2024-03-20
674,HRL,2024032005001400,22,59,200.00,610.00,"122,000.00",2024-03-20
675,HRL,2024032005001401,35,59,25.00,610.00,"15,250.00",2024-03-20
676,HRL,2024032005001402,21,59,"1,100.00",610.00,"671,000.00",2024-03-20
677,HRL,2024032005001403,57,59,100.00,610.00,"61,000.00",2024-03-20
678,HRL,2024032005001404,4,59,100.00,610.00,"61,000.00",2024-03-20
679,HRL,2024032005001405,42,59,20.00,610.00,"12,200.00",2024-03-20
680,HRL,2024032005001406,26,59,50.00,610.00,"30,500.00",2024-03-20
681,HRL,2024032005001407,42,59,200.00,610.00,"122,000.00",2024-03-20
682,HRL,2024032005001408,25,59,50.00,610.00,"30,500.00",2024-03-20
683,HRL,2024032005001409,53,59,200.00,610.00,"122,000.00",2024-03-20
684,HRL,2024032005001410,34,59,200.00,610.00,"122,000.00",2024-03-20
685,HRL,2024032005001411,39,59,50.00,610.00,"30,500.00",2024-03-20
686,HRL,2024032005001412,45,59,70.00,610.00,"42,700.00",2024-03-20
687,HRL,2024032005001413,22,59,500.00,610.00,"305,000.00",2024-03-20
688,HRL,2024032005001414,49,59,20.00,610.00,"12,200.00",2024-03-20
689,HRL,2024032005001415,45,59,100.00,610.00,"61,000.00",2024-03-20
690,HRL,2024032005001416,49,59,40.00,610.00,"24,400.00",2024-03-20
691,HRL,2024032005001417,52,59,200.00,610.00,"122,000.00",2024-03-20
692,HRL,2024032005001418,34,59,200.00,610.00,"122,000.00",2024-03-20
693,HRL,2024032005001419,34,59,250.00,610.00,"152,500.00",2024-03-20
694,HRL,2024032005001420,35,59,60.00,610.00,"36,600.00",2024-03-20
695,HRL,2024032005001421,49,59,10.00,609.80,"6,098.00",2024-03-20
696,HRL,2024032005001422,21,59,400.00,609.50,"243,800.00",2024-03-20
697,HRL,2024032005001423,55,59,360.00,609.00,"219,240.00",2024-03-20
698,HRL,2024032005001424,50,59,"1,000.00",609.00,"609,000.00",2024-03-20
699,HRL,2024032005001425,29,59,200.00,609.00,"121,800.00",2024-03-20
700,HRL,2024032005001426,37,59,107.00,609.00,"65,163.00",2024-03-20
701,HRL,2024032005001427,37,58,20.00,609.00,"12,180.00",2024-03-20
702,HRL,2024032005001433,37,86,30.00,609.00,"18,270.00",2024-03-20
703,HRL,2024032005001434,37,58,10.00,609.00,"6,090.00",2024-03-20
704,HRL,2024032005001436,59,38,20.00,618.00,"12,360.00",2024-03-20
705,HRL,2024032005001437,59,57,10.00,621.00,"6,210.00",2024-03-20
706,HRL,2024032005001439,59,59,10.00,621.00,"6,210.00",2024-03-20
707,HRL,2024032005001446,59,50,10.00,621.00,"6,210.00",2024-03-20
708,HRL,2024032005001448,62,17,20.00,620.20,"12,404.00",2024-03-20
709,HRL,2024032005001449,62,77,20.00,620.20,"12,404.00",2024-03-20
710,HRL,2024032005001450,62,35,60.00,620.20,"37,212.00",2024-03-20
711,HRL,2024032005001459,7,25,10.00,611.00,"6,110.00",2024-03-20
712,HRL,2024032005001468,69,34,10.00,620.00,"6,200.00",2024-03-20
713,HRL,2024032005001480,56,56,10.00,620.00,"6,200.00",2024-03-20
714,HRL,2024032005001481,56,41,10.00,620.00,"6,200.00",2024-03-20
715,HRL,2024032005001485,14,17,10.00,618.00,"6,180.00",2024-03-20
716,HRL,2024032005001491,14,35,50.00,618.00,"30,900.00",2024-03-20
717,HRL,2024032005001492,14,44,10.00,618.00,"6,180.00",2024-03-20
718,HRL,2024032005001499,14,77,20.00,618.00,"12,360.00",2024-03-20
719,HRL,2024032005001500,14,35,10.00,618.00,"6,180.00",2024-03-20
720,HRL,2024032005001501,41,35,340.00,618.00,"210,120.00",2024-03-20
721,HRL,2024032005001503,41,45,160.00,618.00,"98,880.00",2024-03-20
722,HRL,2024032005001504,38,45,50.00,618.00,"30,900.00",2024-03-20
723,HRL,2024032005001511,38,58,10.00,615.00,"6,150.00",2024-03-20
724,HRL,2024032005001516,38,4,10.00,615.00,"6,150.00",2024-03-20
725,HRL,2024032005001522,38,34,10.00,615.00,"6,150.00",2024-03-20
726,HRL,2024032005001536,41,52,30.00,615.10,"18,453.00",2024-03-20
727,HRL,2024032005001540,49,45,20.00,615.50,"12,310.00",2024-03-20
728,HRL,2024032005001541,41,45,80.00,615.10,"49,208.00",2024-03-20
729,HRL,2024032005001542,45,34,20.00,615.50,"12,310.00",2024-03-20
730,HRL,2024032005001544,45,57,10.00,615.50,"6,155.00",2024-03-20
731,HRL,2024032005001549,37,16,30.00,615.60,"18,468.00",2024-03-20
732,HRL,2024032005001552,37,48,20.00,615.60,"12,312.00",2024-03-20
733,HRL,2024032005001553,37,42,30.00,615.60,"18,468.00",2024-03-20
734,HRL,2024032005001554,37,39,10.00,615.60,"6,156.00",2024-03-20
735,HRL,2024032005001557,37,13,10.00,615.60,"6,156.00",2024-03-20
736,HRL,2024032005001558,37,22,20.00,615.60,"12,312.00",2024-03-20
737,HRL,2024032005001562,28,48,10.00,615.70,"6,157.00",2024-03-20
738,HRL,2024032005001563,57,4,10.00,615.90,"6,159.00",2024-03-20
739,HRL,2024032005001564,28,54,10.00,615.70,"6,157.00",2024-03-20
740,HRL,2024032005001568,28,46,10.00,615.70,"6,157.00",2024-03-20
741,HRL,2024032005001569,37,46,213.00,615.60,"131,122.80",2024-03-20
742,HRL,2024032005001570,45,46,470.00,615.50,"289,285.00",2024-03-20
743,HRL,2024032005001577,7,22,10.00,615.30,"6,153.00",2024-03-20
744,HRL,2024032005001579,41,22,10.00,615.10,"6,151.00",2024-03-20
745,HRL,2024032005001580,67,52,10.00,615.70,"6,157.00",2024-03-20
746,HRL,2024032005001581,38,28,10.00,615.00,"6,150.00",2024-03-20
747,HRL,2024032005001583,38,22,10.00,615.00,"6,150.00",2024-03-20
748,HRL,2024032005001589,16,52,50.00,615.20,"30,760.00",2024-03-20
749,HRL,2024032005001590,35,52,100.00,615.10,"61,510.00",2024-03-20
750,HRL,2024032005001591,34,52,70.00,615.10,"43,057.00",2024-03-20
751,HRL,2024032005001592,35,52,25.00,615.00,"15,375.00",2024-03-20
752,HRL,2024032005001593,22,52,100.00,615.00,"61,500.00",2024-03-20
753,HRL,2024032005001594,34,52,50.00,615.00,"30,750.00",2024-03-20
754,HRL,2024032005001595,48,52,50.00,615.00,"30,750.00",2024-03-20
755,HRL,2024032005001596,45,52,65.00,615.00,"39,975.00",2024-03-20
756,HRL,2024032005001598,45,39,20.00,615.00,"12,300.00",2024-03-20
757,HRL,2024032005001599,45,51,10.00,615.00,"6,150.00",2024-03-20
758,HRL,2024032005001600,35,58,10.00,615.00,"6,150.00",2024-03-20
759,HRL,2024032005001601,1,52,20.00,615.70,"12,314.00",2024-03-20
760,HRL,2024032005001602,1,13,50.00,615.80,"30,790.00",2024-03-20
761,HRL,2024032005001603,1,7,30.00,616.00,"18,480.00",2024-03-20
762,HRL,2024032005001604,35,34,20.00,615.00,"12,300.00",2024-03-20
763,HRL,2024032005001605,43,34,10.00,615.00,"6,150.00",2024-03-20
764,HRL,2024032005001610,49,7,10.00,616.00,"6,160.00",2024-03-20
765,HRL,2024032005001619,4,38,10.00,615.10,"6,151.00",2024-03-20
766,HRL,2024032005001620,4,56,10.00,615.10,"6,151.00",2024-03-20
767,HRL,2024032005001623,4,88,10.00,615.10,"6,151.00",2024-03-20
768,HRL,2024032005001624,5,55,10.00,615.10,"6,151.00",2024-03-20
769,HRL,2024032005001625,5,49,10.00,615.10,"6,151.00",2024-03-20
770,HRL,2024032005001641,58,55,10.00,615.20,"6,152.00",2024-03-20
771,HRL,2024032005001642,57,14,10.00,616.00,"6,160.00",2024-03-20
772,HRL,2024032005001643,57,22,10.00,616.00,"6,160.00",2024-03-20
773,HRL,2024032005001644,57,34,10.00,616.00,"6,160.00",2024-03-20
774,HRL,2024032005001645,57,48,10.00,617.00,"6,170.00",2024-03-20
775,HRL,2024032005001646,57,38,10.00,617.00,"6,170.00",2024-03-20
776,HRL,2024032005001647,57,38,10.00,617.00,"6,170.00",2024-03-20
777,HRL,2024032005001648,57,16,10.00,617.00,"6,170.00",2024-03-20
778,HRL,2024032005001649,57,35,10.00,617.90,"6,179.00",2024-03-20
779,HRL,2024032005001650,57,45,120.00,618.00,"74,160.00",2024-03-20
780,HRL,2024032005001658,52,34,10.00,615.20,"6,152.00",2024-03-20
781,HRL,2024032005001681,28,58,10.00,615.30,"6,153.00",2024-03-20
782,HRL,2024032005001686,28,14,10.00,615.30,"6,153.00",2024-03-20
783,HRL,2024032005001693,26,34,20.00,616.00,"12,320.00",2024-03-20
784,HRL,2024032005001706,26,47,10.00,616.00,"6,160.00",2024-03-20
785,HRL,2024032005001710,26,38,20.00,616.00,"12,320.00",2024-03-20
786,HRL,2024032005001713,26,52,10.00,616.00,"6,160.00",2024-03-20
787,HRL,2024032005001714,26,47,10.00,616.00,"6,160.00",2024-03-20
788,HRL,2024032005001718,26,47,10.00,616.00,"6,160.00",2024-03-20
789,HRL,2024032005001725,26,4,30.00,616.00,"18,480.00",2024-03-20
790,HRL,2024032005001726,26,88,10.00,616.00,"6,160.00",2024-03-20
791,HRL,2024032005001728,26,47,10.00,616.00,"6,160.00",2024-03-20
792,HRL,2024032005001736,39,8,20.00,617.00,"12,340.00",2024-03-20
793,HRL,2024032005001745,58,8,10.00,617.00,"6,170.00",2024-03-20
794,HRL,2024032005001752,58,37,20.00,617.00,"12,340.00",2024-03-20
795,HRL,2024032005001753,58,22,20.00,617.00,"12,340.00",2024-03-20
796,HRL,2024032005001754,58,88,10.00,617.00,"6,170.00",2024-03-20
797,HRL,2024032005001758,16,54,10.00,617.00,"6,170.00",2024-03-20
798,HRL,2024032005001759,16,39,10.00,617.00,"6,170.00",2024-03-20
799,HRL,2024032005001760,52,52,10.00,617.10,"6,171.00",2024-03-20
800,HRL,2024032005001761,52,21,10.00,617.10,"6,171.00",2024-03-20
801,HRL,2024032005001763,7,45,10.00,618.00,"6,180.00",2024-03-20
802,HRL,2024032005001768,57,45,160.00,618.00,"98,880.00",2024-03-20
803,HRL,2024032005001769,57,58,10.00,618.00,"6,180.00",2024-03-20
804,HRL,2024032005001770,57,32,20.00,618.00,"12,360.00",2024-03-20
805,HRL,2024032005001771,57,41,30.00,618.00,"18,540.00",2024-03-20
806,HRL,2024032005001772,57,45,30.00,618.00,"18,540.00",2024-03-20
807,HRL,2024032005001773,57,58,10.00,618.00,"6,180.00",2024-03-20
808,HRL,2024032005001774,57,42,30.00,618.00,"18,540.00",2024-03-20
809,HRL,2024032005001775,57,38,10.00,618.00,"6,180.00",2024-03-20
810,HRL,2024032005001776,52,41,20.00,618.00,"12,360.00",2024-03-20
811,HRL,2024032005001777,52,42,10.00,618.00,"6,180.00",2024-03-20
812,HRL,2024032005001779,34,55,10.00,618.00,"6,180.00",2024-03-20
813,HRL,2024032005001784,34,32,20.00,618.00,"12,360.00",2024-03-20
814,HRL,2024032005001785,34,57,10.00,618.00,"6,180.00",2024-03-20
815,HRL,2024032005001786,52,58,10.00,618.20,"6,182.00",2024-03-20
816,HRL,2024032005001787,52,38,20.00,618.20,"12,364.00",2024-03-20
817,HRL,2024032005001790,52,54,10.00,618.50,"6,185.00",2024-03-20
818,HRL,2024032005001793,52,88,10.00,618.50,"6,185.00",2024-03-20
819,HRL,2024032005001794,52,49,20.00,618.50,"12,370.00",2024-03-20
820,HRL,2024032005001796,52,14,10.00,618.50,"6,185.00",2024-03-20
821,HRL,2024032005001799,52,52,10.00,618.50,"6,185.00",2024-03-20
822,HRL,2024032005001801,52,58,10.00,618.50,"6,185.00",2024-03-20
823,HRL,2024032005001802,52,34,10.00,618.50,"6,185.00",2024-03-20
824,HRL,2024032005001803,52,58,10.00,618.50,"6,185.00",2024-03-20
825,HRL,2024032005001804,52,34,10.00,618.50,"6,185.00",2024-03-20
826,HRL,2024032005001806,52,16,10.00,618.50,"6,185.00",2024-03-20
827,HRL,2024032005001807,52,44,10.00,618.50,"6,185.00",2024-03-20
828,HRL,2024032005001811,49,56,10.00,618.70,"6,187.00",2024-03-20
829,HRL,2024032005001812,49,34,10.00,618.70,"6,187.00",2024-03-20
830,HRL,2024032005001813,34,41,20.00,618.00,"12,360.00",2024-03-20
831,HRL,2024032005001814,58,13,20.00,618.50,"12,370.00",2024-03-20
832,HRL,2024032005001817,34,6,10.00,618.00,"6,180.00",2024-03-20
833,HRL,2024032005001818,34,13,30.00,618.50,"18,555.00",2024-03-20
834,HRL,2024032005001826,34,4,10.00,618.00,"6,180.00",2024-03-20
835,HRL,2024032005001828,34,38,30.00,618.00,"18,540.00",2024-03-20
836,HRL,2024032005001832,34,39,10.00,618.00,"6,180.00",2024-03-20
837,HRL,2024032005001833,34,51,12.00,618.00,"7,416.00",2024-03-20
838,HRL,2024032005001837,34,58,10.00,618.00,"6,180.00",2024-03-20
839,HRL,2024032005001839,34,34,100.00,618.00,"61,800.00",2024-03-20
840,HRL,2024032005001840,34,58,10.00,618.00,"6,180.00",2024-03-20
841,HRL,2024032005001845,52,42,10.00,618.50,"6,185.00",2024-03-20
842,HRL,2024032005001846,34,48,10.00,618.00,"6,180.00",2024-03-20
843,HRL,2024032005001847,34,49,10.00,618.00,"6,180.00",2024-03-20
844,HRL,2024032005001856,34,59,10.00,618.00,"6,180.00",2024-03-20
845,HRL,2024032005001857,34,25,18.00,618.00,"11,124.00",2024-03-20
846,HRL,2024032005001858,58,25,20.00,618.00,"12,360.00",2024-03-20
847,HRL,2024032005001859,57,25,12.00,618.00,"7,416.00",2024-03-20
848,HRL,2024032005001865,57,45,10.00,618.00,"6,180.00",2024-03-20
849,HRL,2024032005001868,57,46,20.00,618.00,"12,360.00",2024-03-20
850,HRL,2024032005001869,57,49,10.00,618.00,"6,180.00",2024-03-20
851,HRL,2024032005001873,57,44,10.00,618.00,"6,180.00",2024-03-20
852,HRL,2024032005001875,57,22,10.00,618.00,"6,180.00",2024-03-20
853,HRL,2024032005001877,57,45,28.00,618.00,"17,304.00",2024-03-20
854,HRL,2024032005001878,56,45,22.00,618.00,"13,596.00",2024-03-20
855,HRL,2024032005001882,28,54,10.00,617.10,"6,171.00",2024-03-20
856,HRL,2024032005001883,16,54,10.00,617.00,"6,170.00",2024-03-20
857,HRL,2024032005001889,16,65,10.00,617.00,"6,170.00",2024-03-20
858,HRL,2024032005001891,16,34,10.00,617.00,"6,170.00",2024-03-20
859,HRL,2024032005001893,66,34,10.00,617.00,"6,170.00",2024-03-20
860,HRL,2024032005001895,66,56,10.00,617.00,"6,170.00",2024-03-20
861,HRL,2024032005001899,66,54,10.00,617.00,"6,170.00",2024-03-20
862,HRL,2024032005001904,66,45,20.00,617.00,"12,340.00",2024-03-20
863,HRL,2024032005001906,66,42,12.00,617.00,"7,404.00",2024-03-20
864,HRL,2024032005001907,22,42,20.00,616.50,"12,330.00",2024-03-20
865,HRL,2024032005001908,18,42,10.00,616.10,"6,161.00",2024-03-20
866,HRL,2024032005001909,26,42,258.00,616.00,"158,928.00",2024-03-20
867,HRL,2024032005001914,22,28,30.00,616.20,"18,486.00",2024-03-20
868,HRL,2024032005001915,5,26,10.00,617.00,"6,170.00",2024-03-20
869,HRL,2024032005001917,22,51,10.00,616.20,"6,162.00",2024-03-20
870,HRL,2024032005001919,22,46,10.00,616.20,"6,162.00",2024-03-20
871,HRL,2024032005001920,26,46,112.00,616.00,"68,992.00",2024-03-20
872,HRL,2024032005001921,55,46,78.00,616.00,"48,048.00",2024-03-20
873,HRL,2024032005001922,55,28,30.00,616.00,"18,480.00",2024-03-20
874,HRL,2024032005001925,55,56,"4,892.00",616.00,"3,013,472.00",2024-03-20
875,HRL,2024032005001926,13,56,300.00,616.00,"184,800.00",2024-03-20
876,HRL,2024032005001927,41,56,18.00,616.00,"11,088.00",2024-03-20
877,HRL,2024032005001928,45,56,20.00,616.00,"12,320.00",2024-03-20
878,HRL,2024032005001929,54,56,"1,000.00",616.00,"616,000.00",2024-03-20
879,HRL,2024032005001930,57,41,100.00,616.10,"61,610.00",2024-03-20
880,HRL,2024032005001946,95,22,20.00,615.50,"12,310.00",2024-03-20
881,HRL,2024032005001950,39,7,30.00,616.00,"18,480.00",2024-03-20
882,HRL,2024032005001951,39,42,70.00,616.00,"43,120.00",2024-03-20
883,HRL,2024032005001952,95,57,10.00,615.50,"6,155.00",2024-03-20
884,HRL,2024032005001954,87,42,60.00,616.00,"36,960.00",2024-03-20
885,HRL,2024032005001958,95,34,20.00,615.50,"12,310.00",2024-03-20
886,HRL,2024032005001960,58,38,30.00,615.90,"18,477.00",2024-03-20
887,HRL,2024032005001962,49,38,10.00,615.90,"6,159.00",2024-03-20
888,HRL,2024032005001964,14,42,15.00,616.00,"9,240.00",2024-03-20
889,HRL,2024032005001970,49,62,40.00,615.90,"24,636.00",2024-03-20
890,HRL,2024032005001971,95,62,150.00,615.50,"92,325.00",2024-03-20
891,HRL,2024032005001972,51,62,19.00,615.40,"11,692.60",2024-03-20
892,HRL,2024032005001973,28,62,30.00,615.30,"18,459.00",2024-03-20
893,HRL,2024032005001974,34,62,100.00,615.30,"61,530.00",2024-03-20
894,HRL,2024032005001975,45,62,101.00,615.30,"62,145.30",2024-03-20
895,HRL,2024032005001978,58,57,20.00,615.90,"12,318.00",2024-03-20
896,HRL,2024032005001979,58,42,40.00,616.00,"24,640.00",2024-03-20
897,HRL,2024032005001980,41,42,80.00,616.00,"49,280.00",2024-03-20
898,HRL,2024032005001983,49,42,10.00,615.50,"6,155.00",2024-03-20
899,HRL,2024032005001984,49,42,35.00,615.50,"21,542.50",2024-03-20
900,HRL,2024032005001985,58,42,10.00,616.00,"6,160.00",2024-03-20
901,HRL,2024032005001986,58,4,10.00,616.00,"6,160.00",2024-03-20
902,HRL,2024032005001987,58,7,10.00,616.00,"6,160.00",2024-03-20
903,HRL,2024032005001994,45,62,100.00,615.30,"61,530.00",2024-03-20
904,HRL,2024032005001997,44,35,10.00,616.00,"6,160.00",2024-03-20
905,HRL,2024032005002000,45,42,20.00,615.30,"12,306.00",2024-03-20
906,HRL,2024032005002003,45,57,10.00,615.30,"6,153.00",2024-03-20
907,HRL,2024032005002004,7,58,10.00,615.50,"6,155.00",2024-03-20
908,HRL,2024032005002011,45,14,10.00,615.30,"6,153.00",2024-03-20
909,HRL,2024032005002019,6,66,10.00,615.40,"6,154.00",2024-03-20
910,HRL,2024032005002023,6,58,10.00,615.40,"6,154.00",2024-03-20
911,HRL,2024032005002028,6,32,100.00,615.40,"61,540.00",2024-03-20
912,HRL,2024032005002029,6,38,10.00,615.40,"6,154.00",2024-03-20
913,HRL,2024032005002031,6,58,10.00,615.40,"6,154.00",2024-03-20
914,HRL,2024032005002032,6,54,20.00,615.40,"12,308.00",2024-03-20
915,HRL,2024032005002033,6,33,30.00,615.40,"18,462.00",2024-03-20
916,HRL,2024032005002036,6,32,10.00,615.40,"6,154.00",2024-03-20
917,HRL,2024032005002037,44,71,10.00,615.40,"6,154.00",2024-03-20
918,HRL,2024032005002040,44,70,90.00,615.40,"55,386.00",2024-03-20
919,HRL,2024032005002041,45,70,159.00,615.30,"97,832.70",2024-03-20
920,HRL,2024032005002042,22,70,100.00,615.30,"61,530.00",2024-03-20
921,HRL,2024032005002043,5,70,600.00,615.20,"369,120.00",2024-03-20
922,HRL,2024032005002044,34,70,100.00,615.20,"61,520.00",2024-03-20
923,HRL,2024032005002045,54,70,150.00,615.20,"92,280.00",2024-03-20
924,HRL,2024032005002048,34,1,10.00,615.10,"6,151.00",2024-03-20
925,HRL,2024032005002054,34,21,20.00,615.10,"12,302.00",2024-03-20
926,HRL,2024032005002055,34,56,10.00,615.10,"6,151.00",2024-03-20
927,HRL,2024032005002056,58,38,30.00,615.20,"18,456.00",2024-03-20
928,HRL,2024032005002058,25,34,10.00,615.10,"6,151.00",2024-03-20
929,HRL,2024032005002059,57,45,20.00,615.30,"12,306.00",2024-03-20
930,HRL,2024032005002067,57,39,20.00,615.50,"12,310.00",2024-03-20
931,HRL,2024032005002069,57,35,480.00,615.50,"295,440.00",2024-03-20
932,HRL,2024032005002070,58,71,10.00,615.20,"6,152.00",2024-03-20
933,HRL,2024032005002071,58,45,20.00,615.20,"12,304.00",2024-03-20
934,HRL,2024032005002072,58,56,204.00,615.20,"125,500.80",2024-03-20
935,HRL,2024032005002073,25,56,90.00,615.10,"55,359.00",2024-03-20
936,HRL,2024032005002074,44,56,50.00,615.10,"30,755.00",2024-03-20
937,HRL,2024032005002075,3,56,50.00,615.10,"30,755.00",2024-03-20
938,HRL,2024032005002076,1,56,500.00,615.10,"307,550.00",2024-03-20
939,HRL,2024032005002077,43,56,65.00,615.00,"39,975.00",2024-03-20
940,HRL,2024032005002078,38,56,50.00,615.00,"30,750.00",2024-03-20
941,HRL,2024032005002079,37,56,250.00,615.00,"153,750.00",2024-03-20
942,HRL,2024032005002080,42,56,10.00,615.00,"6,150.00",2024-03-20
943,HRL,2024032005002081,13,56,10.00,615.00,"6,150.00",2024-03-20
944,HRL,2024032005002082,8,56,"1,000.00",615.00,"615,000.00",2024-03-20
945,HRL,2024032005002083,49,56,100.00,615.00,"61,500.00",2024-03-20
946,HRL,2024032005002084,45,56,50.00,615.00,"30,750.00",2024-03-20
947,HRL,2024032005002085,19,56,25.00,615.00,"15,375.00",2024-03-20
948,HRL,2024032005002086,33,56,150.00,615.00,"92,250.00",2024-03-20
949,HRL,2024032005002087,14,56,300.00,615.00,"184,500.00",2024-03-20
950,HRL,2024032005002088,39,56,96.00,615.00,"59,040.00",2024-03-20
951,HRL,2024032005002089,57,35,20.00,615.50,"12,310.00",2024-03-20
952,HRL,2024032005002091,47,29,100.00,615.30,"61,530.00",2024-03-20
953,HRL,2024032005002092,39,29,104.00,615.00,"63,960.00",2024-03-20
954,HRL,2024032005002093,57,29,10.00,615.00,"6,150.00",2024-03-20
955,HRL,2024032005002094,17,29,50.00,615.00,"30,750.00",2024-03-20
956,HRL,2024032005002095,48,29,50.00,615.00,"30,750.00",2024-03-20
957,HRL,2024032005002096,67,10,20.00,614.30,"12,286.00",2024-03-20
958,HRL,2024032005002098,57,29,60.00,615.00,"36,900.00",2024-03-20
959,HRL,2024032005002111,7,29,10.00,615.00,"6,150.00",2024-03-20
960,HRL,2024032005002114,67,71,10.00,614.30,"6,143.00",2024-03-20
961,HRL,2024032005002115,67,8,10.00,614.30,"6,143.00",2024-03-20
962,HRL,2024032005002122,46,29,30.00,615.00,"18,450.00",2024-03-20
963,HRL,2024032005002123,40,29,50.00,615.00,"30,750.00",2024-03-20
964,HRL,2024032005002127,21,57,10.00,614.40,"6,144.00",2024-03-20
965,HRL,2024032005002128,55,29,186.00,615.00,"114,390.00",2024-03-20
966,HRL,2024032005002129,55,3,10.00,615.00,"6,150.00",2024-03-20
967,HRL,2024032005002130,21,42,20.00,614.40,"12,288.00",2024-03-20
968,HRL,2024032005002131,21,57,20.00,614.40,"12,288.00",2024-03-20
969,HRL,2024032005002132,1,56,20.00,615.00,"12,300.00",2024-03-20
970,HRL,2024032005002133,1,38,30.00,615.00,"18,450.00",2024-03-20
971,HRL,2024032005002134,1,37,10.00,615.00,"6,150.00",2024-03-20
972,HRL,2024032005002135,21,38,10.00,614.40,"6,144.00",2024-03-20
973,HRL,2024032005002136,21,49,10.00,614.40,"6,144.00",2024-03-20
974,HRL,2024032005002137,22,37,10.00,615.00,"6,150.00",2024-03-20
975,HRL,2024032005002138,22,42,20.00,615.00,"12,300.00",2024-03-20
976,HRL,2024032005002139,22,17,30.00,615.00,"18,450.00",2024-03-20
977,HRL,2024032005002140,22,42,10.00,615.00,"6,150.00",2024-03-20
978,HRL,2024032005002141,22,45,10.00,615.00,"6,150.00",2024-03-20
979,HRL,2024032005002142,22,57,20.00,615.00,"12,300.00",2024-03-20
980,HRL,2024032005002144,58,45,10.00,615.80,"6,158.00",2024-03-20
981,HRL,2024032005002145,58,34,10.00,615.90,"6,159.00",2024-03-20
982,HRL,2024032005002150,22,40,10.00,615.00,"6,150.00",2024-03-20
983,HRL,2024032005002153,45,56,10.00,615.90,"6,159.00",2024-03-20
984,HRL,2024032005002154,22,35,10.00,615.00,"6,150.00",2024-03-20
985,HRL,2024032005002155,1,8,10.00,615.00,"6,150.00",2024-03-20
986,HRL,2024032005002157,1,58,10.00,615.00,"6,150.00",2024-03-20
987,HRL,2024032005002162,1,49,10.00,615.00,"6,150.00",2024-03-20
988,HRL,2024032005002171,14,58,10.00,615.60,"6,156.00",2024-03-20
989,HRL,2024032005002172,50,56,760.00,615.90,"468,084.00",2024-03-20
990,HRL,2024032005002173,50,34,10.00,615.90,"6,159.00",2024-03-20
991,HRL,2024032005002174,50,42,20.00,615.90,"12,318.00",2024-03-20
992,HRL,2024032005002175,50,35,10.00,616.00,"6,160.00",2024-03-20
993,HRL,2024032005002176,50,45,20.00,616.00,"12,320.00",2024-03-20
994,HRL,2024032005002177,50,42,10.00,616.00,"6,160.00",2024-03-20
995,HRL,2024032005002178,50,56,20.00,616.00,"12,320.00",2024-03-20
996,HRL,2024032005002179,50,57,10.00,616.00,"6,160.00",2024-03-20
997,HRL,2024032005002180,50,57,100.00,616.00,"61,600.00",2024-03-20
998,HRL,2024032005002181,50,17,10.00,616.00,"6,160.00",2024-03-20
999,HRL,2024032005002182,50,58,30.00,616.00,"18,480.00",2024-03-20
1000,HRL,2024032005002183,33,58,60.00,616.00,"36,960.00",2024-03-20
1001,HRL,2024032005002184,33,21,10.00,616.00,"6,160.00",2024-03-20
1002,HRL,2024032005002185,33,55,20.00,616.00,"12,320.00",2024-03-20
1003,HRL,2024032005002193,46,49,30.00,615.90,"18,477.00",2024-03-20
1004,HRL,2024032005002194,46,47,20.00,615.90,"12,318.00",2024-03-20
1005,HRL,2024032005002200,58,42,10.00,616.00,"6,160.00",2024-03-20
1006,HRL,2024032005002206,46,42,10.00,615.70,"6,157.00",2024-03-20
1007,HRL,2024032005002207,46,22,10.00,615.70,"6,157.00",2024-03-20
1008,HRL,2024032005002208,46,47,10.00,615.70,"6,157.00",2024-03-20
1009,HRL,2024032005002209,46,44,10.00,615.70,"6,157.00",2024-03-20
1010,HRL,2024032005002212,46,51,30.00,615.70,"18,471.00",2024-03-20
1011,HRL,2024032005002213,46,47,20.00,615.70,"12,314.00",2024-03-20
1012,HRL,2024032005002216,46,55,20.00,615.70,"12,314.00",2024-03-20
1013,HRL,2024032005002220,46,49,10.00,615.70,"6,157.00",2024-03-20
1014,HRL,2024032005002221,46,45,20.00,615.70,"12,314.00",2024-03-20
1015,HRL,2024032005002222,46,32,10.00,615.70,"6,157.00",2024-03-20
1016,HRL,2024032005002226,46,48,20.00,615.70,"12,314.00",2024-03-20
1017,HRL,2024032005002234,46,45,10.00,615.70,"6,157.00",2024-03-20
1018,HRL,2024032005002236,46,11,10.00,615.70,"6,157.00",2024-03-20
1019,HRL,2024032005002238,46,57,10.00,615.70,"6,157.00",2024-03-20
1020,HRL,2024032005002239,46,34,10.00,615.70,"6,157.00",2024-03-20
1021,HRL,2024032005002241,46,61,20.00,615.70,"12,314.00",2024-03-20
1022,HRL,2024032005002252,55,34,10.00,615.80,"6,158.00",2024-03-20
1023,HRL,2024032005002253,55,58,10.00,615.90,"6,159.00",2024-03-20
1024,HRL,2024032005002254,55,58,10.00,615.90,"6,159.00",2024-03-20
1025,HRL,2024032005002255,55,32,10.00,616.00,"6,160.00",2024-03-20
1026,HRL,2024032005002256,55,58,10.00,616.00,"6,160.00",2024-03-20
1027,HRL,2024032005002257,55,52,10.00,616.00,"6,160.00",2024-03-20
1028,HRL,2024032005002259,42,49,10.00,616.10,"6,161.00",2024-03-20
1029,HRL,2024032005002260,42,34,10.00,616.20,"6,162.00",2024-03-20
1030,HRL,2024032005002261,42,58,20.00,617.00,"12,340.00",2024-03-20
1031,HRL,2024032005002262,42,58,10.00,617.00,"6,170.00",2024-03-20
1032,HRL,2024032005002263,42,34,20.00,617.00,"12,340.00",2024-03-20
1033,HRL,2024032005002264,42,58,20.00,617.00,"12,340.00",2024-03-20
1034,HRL,2024032005002265,42,58,20.00,617.00,"12,340.00",2024-03-20
1035,HRL,2024032005002266,42,41,10.00,617.00,"6,170.00",2024-03-20
1036,HRL,2024032005002267,42,19,10.00,617.00,"6,170.00",2024-03-20
1037,HRL,2024032005002268,42,45,300.00,617.50,"185,250.00",2024-03-20
1038,HRL,2024032005002269,42,56,70.00,617.70,"43,239.00",2024-03-20
1039,HRL,2024032005002270,55,49,30.00,616.00,"18,480.00",2024-03-20
1040,HRL,2024032005002276,14,43,20.00,616.10,"12,322.00",2024-03-20
1041,HRL,2024032005002285,14,34,10.00,616.10,"6,161.00",2024-03-20
1042,HRL,2024032005002291,14,58,10.00,616.10,"6,161.00",2024-03-20
1043,HRL,2024032005002297,42,35,20.00,617.00,"12,340.00",2024-03-20
1044,HRL,2024032005002298,42,56,90.00,617.70,"55,593.00",2024-03-20
1045,HRL,2024032005002299,42,59,20.00,618.00,"12,360.00",2024-03-20
1046,HRL,2024032005002300,42,26,20.00,618.00,"12,360.00",2024-03-20
1047,HRL,2024032005002301,42,42,10.00,618.00,"6,180.00",2024-03-20
1048,HRL,2024032005002302,42,49,10.00,618.00,"6,180.00",2024-03-20
1049,HRL,2024032005002303,42,41,20.00,618.00,"12,360.00",2024-03-20
1050,HRL,2024032005002304,42,4,10.00,618.00,"6,180.00",2024-03-20
1051,HRL,2024032005002305,42,49,10.00,618.00,"6,180.00",2024-03-20
1052,HRL,2024032005002306,42,48,10.00,618.00,"6,180.00",2024-03-20
1053,HRL,2024032005002312,42,34,10.00,618.00,"6,180.00",2024-03-20
1054,HRL,2024032005002314,42,47,10.00,618.00,"6,180.00",2024-03-20
1055,HRL,2024032005002315,42,58,10.00,618.00,"6,180.00",2024-03-20
1056,HRL,2024032005002316,42,58,10.00,618.00,"6,180.00",2024-03-20
1057,HRL,2024032005002322,6,58,20.00,618.80,"12,376.00",2024-03-20
1058,HRL,2024032005002323,6,22,10.00,618.80,"6,188.00",2024-03-20
1059,HRL,2024032005002324,6,75,10.00,619.00,"6,190.00",2024-03-20
1060,HRL,2024032005002325,6,42,10.00,619.00,"6,190.00",2024-03-20
1061,HRL,2024032005002326,6,49,100.00,619.00,"61,900.00",2024-03-20
1062,HRL,2024032005002327,6,48,50.00,619.00,"30,950.00",2024-03-20
1063,HRL,2024032005002334,49,34,20.00,618.50,"12,370.00",2024-03-20
1064,HRL,2024032005002337,49,21,10.00,618.50,"6,185.00",2024-03-20
1065,HRL,2024032005002338,19,48,20.00,619.00,"12,380.00",2024-03-20
1066,HRL,2024032005002339,19,41,10.00,619.00,"6,190.00",2024-03-20
1067,HRL,2024032005002340,49,35,70.00,618.50,"43,295.00",2024-03-20
1068,HRL,2024032005002344,6,57,10.00,618.00,"6,180.00",2024-03-20
1069,HRL,2024032005002346,44,56,100.00,618.00,"61,800.00",2024-03-20
1070,HRL,2024032005002347,16,55,30.00,618.00,"18,540.00",2024-03-20
1071,HRL,2024032005002348,16,34,170.00,618.00,"105,060.00",2024-03-20
1072,HRL,2024032005002350,46,34,64.00,618.00,"39,552.00",2024-03-20
1073,HRL,2024032005002353,42,45,20.00,616.20,"12,324.00",2024-03-20
1074,HRL,2024032005002354,42,8,10.00,616.20,"6,162.00",2024-03-20
1075,HRL,2024032005002355,42,38,20.00,616.20,"12,324.00",2024-03-20
1076,HRL,2024032005002359,42,7,10.00,616.20,"6,162.00",2024-03-20
1077,HRL,2024032005002361,19,34,40.00,618.00,"24,720.00",2024-03-20
1078,HRL,2024032005002369,42,55,10.00,616.20,"6,162.00",2024-03-20
1079,HRL,2024032005002371,42,6,10.00,616.20,"6,162.00",2024-03-20
1080,HRL,2024032005002373,42,42,20.00,616.20,"12,324.00",2024-03-20
1081,HRL,2024032005002374,42,35,20.00,616.20,"12,324.00",2024-03-20
1082,HRL,2024032005002377,42,8,10.00,616.20,"6,162.00",2024-03-20
1083,HRL,2024032005002378,42,6,10.00,616.20,"6,162.00",2024-03-20
1084,HRL,2024032005002384,42,38,10.00,616.20,"6,162.00",2024-03-20
1085,HRL,2024032005002385,42,57,10.00,616.20,"6,162.00",2024-03-20
1086,HRL,2024032005002386,42,58,10.00,616.20,"6,162.00",2024-03-20
1087,HRL,2024032005002387,42,6,10.00,616.20,"6,162.00",2024-03-20
1088,HRL,2024032005002388,42,44,60.00,616.20,"36,972.00",2024-03-20
1089,HRL,2024032005002389,29,44,480.00,616.20,"295,776.00",2024-03-20
1090,HRL,2024032005002390,29,38,10.00,616.20,"6,162.00",2024-03-20
1091,HRL,2024032005002391,29,16,10.00,616.20,"6,162.00",2024-03-20
1092,HRL,2024032005002392,33,16,10.00,616.20,"6,162.00",2024-03-20
1093,HRL,2024032005002393,33,6,10.00,616.20,"6,162.00",2024-03-20
1094,HRL,2024032005002394,33,53,10.00,616.20,"6,162.00",2024-03-20
1095,HRL,2024032005002395,21,42,30.00,616.20,"18,486.00",2024-03-20
1096,HRL,2024032005002396,14,41,10.00,616.10,"6,161.00",2024-03-20
1097,HRL,2024032005002397,14,6,10.00,616.10,"6,161.00",2024-03-20
1098,HRL,2024032005002399,52,42,100.00,616.20,"61,620.00",2024-03-20
1099,HRL,2024032005002402,22,42,150.00,616.20,"92,430.00",2024-03-20
1100,HRL,2024032005002403,14,6,10.00,616.10,"6,161.00",2024-03-20
1101,HRL,2024032005002404,1,42,170.00,616.20,"104,754.00",2024-03-20
1102,HRL,2024032005002405,14,44,10.00,616.10,"6,161.00",2024-03-20
1103,HRL,2024032005002406,14,17,10.00,616.10,"6,161.00",2024-03-20
1104,HRL,2024032005002407,1,17,10.00,616.10,"6,161.00",2024-03-20
1105,HRL,2024032005002408,29,42,150.00,616.20,"92,430.00",2024-03-20
1106,HRL,2024032005002409,29,45,30.00,616.20,"18,486.00",2024-03-20
1107,HRL,2024032005002412,66,49,10.00,617.00,"6,170.00",2024-03-20
1108,HRL,2024032005002413,66,58,10.00,617.00,"6,170.00",2024-03-20
1109,HRL,2024032005002414,66,1,30.00,617.00,"18,510.00",2024-03-20
1110,HRL,2024032005002415,66,35,10.00,618.00,"6,180.00",2024-03-20
1111,HRL,2024032005002416,66,45,140.00,618.00,"86,520.00",2024-03-20
1112,HRL,2024032005002417,1,48,10.00,616.10,"6,161.00",2024-03-20
1113,HRL,2024032005002418,66,45,10.00,618.00,"6,180.00",2024-03-20
1114,HRL,2024032005002419,66,58,20.00,618.00,"12,360.00",2024-03-20
1115,HRL,2024032005002420,66,68,30.00,618.00,"18,540.00",2024-03-20
1116,HRL,2024032005002421,66,7,73.00,618.00,"45,114.00",2024-03-20
1117,HRL,2024032005002422,66,58,20.00,618.50,"12,370.00",2024-03-20
1118,HRL,2024032005002423,66,35,10.00,619.00,"6,190.00",2024-03-20
1119,HRL,2024032005002424,66,34,20.00,619.40,"12,388.00",2024-03-20
1120,HRL,2024032005002425,66,22,10.00,619.50,"6,195.00",2024-03-20
1121,HRL,2024032005002426,1,6,20.00,616.10,"12,322.00",2024-03-20
1122,HRL,2024032005002428,66,14,10.00,619.50,"6,195.00",2024-03-20
1123,HRL,2024032005002429,66,35,12.00,619.60,"7,435.20",2024-03-20
1124,HRL,2024032005002430,66,7,10.00,619.70,"6,197.00",2024-03-20
1125,HRL,2024032005002431,66,51,10.00,619.70,"6,197.00",2024-03-20
1126,HRL,2024032005002432,66,34,60.00,619.80,"37,188.00",2024-03-20
1127,HRL,2024032005002434,1,34,10.00,616.10,"6,161.00",2024-03-20
1128,HRL,2024032005002441,1,19,10.00,616.10,"6,161.00",2024-03-20
1129,HRL,2024032005002442,1,5,40.00,616.10,"24,644.00",2024-03-20
1130,HRL,2024032005002443,36,5,200.00,616.10,"123,220.00",2024-03-20
1131,HRL,2024032005002444,14,5,83.00,616.10,"51,136.30",2024-03-20
1132,HRL,2024032005002445,57,5,500.00,616.10,"308,050.00",2024-03-20
1133,HRL,2024032005002446,22,5,30.00,616.10,"18,483.00",2024-03-20
1134,HRL,2024032005002447,55,5,447.00,616.00,"275,352.00",2024-03-20
1135,HRL,2024032005002448,55,6,20.00,616.00,"12,320.00",2024-03-20
1136,HRL,2024032005002451,29,55,20.00,616.20,"12,324.00",2024-03-20
1137,HRL,2024032005002458,87,41,10.00,617.00,"6,170.00",2024-03-20
1138,HRL,2024032005002461,47,45,10.00,617.00,"6,170.00",2024-03-20
1139,HRL,2024032005002462,47,38,10.00,617.00,"6,170.00",2024-03-20
1140,HRL,2024032005002463,29,34,20.00,616.20,"12,324.00",2024-03-20
1141,HRL,2024032005002465,29,54,10.00,616.20,"6,162.00",2024-03-20
1142,HRL,2024032005002468,29,65,150.00,616.20,"92,430.00",2024-03-20
1143,HRL,2024032005002469,6,45,20.00,617.50,"12,350.00",2024-03-20
1144,HRL,2024032005002470,6,29,30.00,617.50,"18,525.00",2024-03-20
1145,HRL,2024032005002471,6,34,20.00,618.00,"12,360.00",2024-03-20
1146,HRL,2024032005002472,6,66,30.00,618.00,"18,540.00",2024-03-20
1147,HRL,2024032005002473,55,34,10.00,616.20,"6,162.00",2024-03-20
1148,HRL,2024032005002488,65,19,10.00,617.00,"6,170.00",2024-03-20
1149,HRL,2024032005002489,65,29,10.00,617.00,"6,170.00",2024-03-20
1150,HRL,2024032005002493,50,41,10.00,618.00,"6,180.00",2024-03-20
1151,HRL,2024032005002494,50,66,30.00,618.00,"18,540.00",2024-03-20
1152,HRL,2024032005002495,65,38,10.00,617.00,"6,170.00",2024-03-20
1153,HRL,2024032005002505,65,16,20.00,617.00,"12,340.00",2024-03-20
1154,HRL,2024032005002506,28,42,10.00,616.30,"6,163.00",2024-03-20
1155,HRL,2024032005002516,57,49,10.00,616.40,"6,164.00",2024-03-20
1156,HRL,2024032005002519,57,55,20.00,616.40,"12,328.00",2024-03-20
1157,HRL,2024032005002526,59,39,10.00,616.50,"6,165.00",2024-03-20
1158,HRL,2024032005002530,59,16,20.00,616.50,"12,330.00",2024-03-20
1159,HRL,2024032005002542,47,22,10.00,617.00,"6,170.00",2024-03-20
1160,HRL,2024032005002543,49,58,10.00,616.80,"6,168.00",2024-03-20
1161,HRL,2024032005002547,10,42,10.00,617.00,"6,170.00",2024-03-20
1162,HRL,2024032005002548,49,42,40.00,616.80,"24,672.00",2024-03-20
1163,HRL,2024032005002549,59,42,50.00,616.60,"30,830.00",2024-03-20
1164,HRL,2024032005002551,59,56,20.00,616.50,"12,330.00",2024-03-20
1165,HRL,2024032005002552,58,56,40.00,616.50,"24,660.00",2024-03-20
1166,HRL,2024032005002553,58,56,20.00,616.40,"12,328.00",2024-03-20
1167,HRL,2024032005002554,55,56,90.00,616.40,"55,476.00",2024-03-20
1168,HRL,2024032005002555,88,56,200.00,616.40,"123,280.00",2024-03-20
1169,HRL,2024032005002556,65,56,"1,880.00",616.30,"1,158,644.00",2024-03-20
1170,HRL,2024032005002560,65,42,273.00,616.30,"168,249.90",2024-03-20
1171,HRL,2024032005002561,49,17,20.00,616.40,"12,328.00",2024-03-20
1172,HRL,2024032005002566,49,4,10.00,616.40,"6,164.00",2024-03-20
1173,HRL,2024032005002567,49,17,20.00,616.40,"12,328.00",2024-03-20
1174,HRL,2024032005002570,49,17,15.00,616.40,"9,246.00",2024-03-20
1175,HRL,2024032005002573,74,94,10.00,616.40,"6,164.00",2024-03-20
1176,HRL,2024032005002574,74,16,20.00,616.40,"12,328.00",2024-03-20
1177,HRL,2024032005002583,65,7,10.00,616.30,"6,163.00",2024-03-20
1178,HRL,2024032005002586,65,52,10.00,616.30,"6,163.00",2024-03-20
1179,HRL,2024032005002587,65,11,20.00,616.30,"12,326.00",2024-03-20
1180,HRL,2024032005002588,65,17,10.00,616.30,"6,163.00",2024-03-20
1181,HRL,2024032005002589,65,41,60.00,616.30,"36,978.00",2024-03-20
1182,HRL,2024032005002596,13,42,30.00,616.40,"18,492.00",2024-03-20
1183,HRL,2024032005002601,4,35,20.00,616.50,"12,330.00",2024-03-20
1184,HRL,2024032005002603,4,49,20.00,616.50,"12,330.00",2024-03-20
1185,HRL,2024032005002611,4,42,10.00,616.50,"6,165.00",2024-03-20
1186,HRL,2024032005002614,4,35,10.00,616.50,"6,165.00",2024-03-20
1187,HRL,2024032005002615,13,35,20.00,616.40,"12,328.00",2024-03-20
1188,HRL,2024032005002620,13,57,10.00,616.40,"6,164.00",2024-03-20
1189,HRL,2024032005002622,13,3,10.00,616.40,"6,164.00",2024-03-20
1190,HRL,2024032005002629,13,58,10.00,616.40,"6,164.00",2024-03-20
1191,HRL,2024032005002632,13,32,10.00,616.40,"6,164.00",2024-03-20
1192,HRL,2024032005002633,59,58,10.00,616.50,"6,165.00",2024-03-20
1193,HRL,2024032005002634,59,49,10.00,616.50,"6,165.00",2024-03-20
1194,HRL,2024032005002635,13,49,10.00,616.40,"6,164.00",2024-03-20
1195,HRL,2024032005002636,65,49,210.00,616.30,"129,423.00",2024-03-20
1196,HRL,2024032005002637,65,21,40.00,616.30,"24,652.00",2024-03-20
1197,HRL,2024032005002638,45,45,9.00,605.00,"5,445.00",2024-03-20
1198,HRL,2024032005002642,34,58,10.00,616.40,"6,164.00",2024-03-20
1199,HRL,2024032005002643,45,45,9.00,605.00,"5,445.00",2024-03-20
1200,HRL,2024032005002646,42,26,40.00,616.60,"24,664.00",2024-03-20
1201,HRL,2024032005002651,42,58,10.00,617.00,"6,170.00",2024-03-20
1202,HRL,2024032005002652,42,7,20.00,617.00,"12,340.00",2024-03-20
1203,HRL,2024032005002653,42,66,30.00,617.00,"18,510.00",2024-03-20
1204,HRL,2024032005002654,42,58,20.00,617.00,"12,340.00",2024-03-20
1205,HRL,2024032005002655,45,45,2.00,605.00,"1,210.00",2024-03-20
1206,HRL,2024032005002657,42,58,10.00,616.60,"6,166.00",2024-03-20
1207,HRL,2024032005002658,42,22,20.00,617.90,"12,358.00",2024-03-20
1208,HRL,2024032005002659,42,32,30.00,617.90,"18,537.00",2024-03-20
1209,HRL,2024032005002663,34,38,40.00,616.40,"24,656.00",2024-03-20
1210,HRL,2024032005002664,86,38,200.00,616.40,"123,280.00",2024-03-20
1211,HRL,2024032005002665,65,38,760.00,616.30,"468,388.00",2024-03-20
1212,HRL,2024032005002666,65,55,20.00,616.30,"12,326.00",2024-03-20
1213,HRL,2024032005002674,55,16,20.00,617.00,"12,340.00",2024-03-20
1214,HRL,2024032005002675,55,49,10.00,617.00,"6,170.00",2024-03-20
1215,HRL,2024032005002689,65,58,20.00,616.30,"12,326.00",2024-03-20
1216,HRL,2024032005002702,13,58,10.00,616.40,"6,164.00",2024-03-20
1217,HRL,2024032005002708,3,47,20.00,616.50,"12,330.00",2024-03-20
1218,HRL,2024032005002711,3,38,10.00,616.50,"6,165.00",2024-03-20
1219,HRL,2024032005002714,3,49,10.00,616.50,"6,165.00",2024-03-20
1220,HRL,2024032005002715,3,21,10.00,616.50,"6,165.00",2024-03-20
1221,HRL,2024032005002716,13,21,10.00,616.40,"6,164.00",2024-03-20
1222,HRL,2024032005002720,20,42,30.00,616.50,"18,495.00",2024-03-20
1223,HRL,2024032005002721,20,21,10.00,616.50,"6,165.00",2024-03-20
1224,HRL,2024032005002722,20,38,10.00,616.50,"6,165.00",2024-03-20
1225,HRL,2024032005002727,20,21,10.00,616.50,"6,165.00",2024-03-20
1226,HRL,2024032005002728,20,53,10.00,616.50,"6,165.00",2024-03-20
1227,HRL,2024032005002730,20,74,20.00,616.50,"12,330.00",2024-03-20
1228,HRL,2024032005002731,20,7,10.00,616.50,"6,165.00",2024-03-20
1229,HRL,2024032005002734,20,21,10.00,616.50,"6,165.00",2024-03-20
1230,HRL,2024032005002739,20,21,10.00,616.50,"6,165.00",2024-03-20
1231,HRL,2024032005002740,20,6,20.00,616.50,"12,330.00",2024-03-20
1232,HRL,2024032005002741,65,35,20.00,616.90,"12,338.00",2024-03-20
1233,HRL,2024032005002742,65,52,10.00,617.00,"6,170.00",2024-03-20
1234,HRL,2024032005002743,65,38,10.00,617.00,"6,170.00",2024-03-20
1235,HRL,2024032005002744,65,47,10.00,617.00,"6,170.00",2024-03-20
1236,HRL,2024032005002745,65,35,20.00,617.00,"12,340.00",2024-03-20
1237,HRL,2024032005002746,65,40,20.00,617.00,"12,340.00",2024-03-20
1238,HRL,2024032005002747,65,11,20.00,617.00,"12,340.00",2024-03-20
1239,HRL,2024032005002776,65,21,10.00,617.00,"6,170.00",2024-03-20
1240,HRL,2024032005002777,65,47,200.00,617.00,"123,400.00",2024-03-20
1241,HRL,2024032005002780,65,47,20.00,617.00,"12,340.00",2024-03-20
1242,HRL,2024032005002781,65,21,10.00,617.00,"6,170.00",2024-03-20
1243,HRL,2024032005002782,65,21,20.00,617.00,"12,340.00",2024-03-20
1244,HRL,2024032005002783,65,57,20.00,617.00,"12,340.00",2024-03-20
1245,HRL,2024032005002785,65,59,20.00,617.00,"12,340.00",2024-03-20
1246,HRL,2024032005002786,65,21,10.00,617.00,"6,170.00",2024-03-20
1247,HRL,2024032005002787,45,45,9.00,605.00,"5,445.00",2024-03-20
1248,HRL,2024032005002789,45,45,9.00,605.00,"5,445.00",2024-03-20
1249,HRL,2024032005002790,65,28,10.00,617.00,"6,170.00",2024-03-20
1250,HRL,2024032005002792,45,32,20.00,617.90,"12,358.00",2024-03-20
1251,HRL,2024032005002794,65,49,10.00,617.00,"6,170.00",2024-03-20
1252,HRL,2024032005002795,13,14,10.00,617.10,"6,171.00",2024-03-20
1253,HRL,2024032005002796,13,21,10.00,617.10,"6,171.00",2024-03-20
1254,HRL,2024032005002797,13,59,20.00,617.10,"12,342.00",2024-03-20
1255,HRL,2024032005002799,45,45,2.00,605.00,"1,210.00",2024-03-20
1256,HRL,2024032005002800,13,49,20.00,617.10,"12,342.00",2024-03-20
1257,HRL,2024032005002801,13,6,10.00,617.10,"6,171.00",2024-03-20
1258,HRL,2024032005002802,34,74,20.00,617.20,"12,344.00",2024-03-20
1259,HRL,2024032005002803,34,6,10.00,617.20,"6,172.00",2024-03-20
1260,HRL,2024032005002812,34,53,10.00,617.20,"6,172.00",2024-03-20
1261,HRL,2024032005002814,34,57,10.00,617.20,"6,172.00",2024-03-20
1262,HRL,2024032005002815,34,47,50.00,617.20,"30,860.00",2024-03-20
1263,HRL,2024032005002816,13,47,100.00,617.10,"61,710.00",2024-03-20
1264,HRL,2024032005002817,13,91,30.00,617.10,"18,513.00",2024-03-20
1265,HRL,2024032005002818,13,17,20.00,617.10,"12,342.00",2024-03-20
1266,HRL,2024032005002819,29,38,10.00,617.20,"6,172.00",2024-03-20
1267,HRL,2024032005002820,29,41,10.00,617.20,"6,172.00",2024-03-20
1268,HRL,2024032005002821,29,58,10.00,617.20,"6,172.00",2024-03-20
1269,HRL,2024032005002825,13,10,80.00,617.20,"49,376.00",2024-03-20
1270,HRL,2024032005002831,13,34,20.00,617.10,"12,342.00",2024-03-20
1271,HRL,2024032005002837,65,38,10.00,617.00,"6,170.00",2024-03-20
1272,HRL,2024032005002838,65,33,30.00,617.00,"18,510.00",2024-03-20
1273,HRL,2024032005002840,65,21,10.00,617.00,"6,170.00",2024-03-20
1274,HRL,2024032005002841,65,38,10.00,617.00,"6,170.00",2024-03-20
1275,HRL,2024032005002849,59,29,10.00,617.50,"6,175.00",2024-03-20
1276,HRL,2024032005002857,34,38,10.00,617.10,"6,171.00",2024-03-20
1277,HRL,2024032005002859,34,21,10.00,617.10,"6,171.00",2024-03-20
1278,HRL,2024032005002861,34,34,80.00,617.10,"49,368.00",2024-03-20
1279,HRL,2024032005002862,65,34,"1,020.00",617.00,"629,340.00",2024-03-20
1280,HRL,2024032005002863,65,45,20.00,617.00,"12,340.00",2024-03-20
1281,HRL,2024032005002866,65,54,10.00,617.00,"6,170.00",2024-03-20
1282,HRL,2024032005002868,65,74,200.00,617.00,"123,400.00",2024-03-20
1283,HRL,2024032005002869,65,35,700.00,617.00,"431,900.00",2024-03-20
1284,HRL,2024032005002873,65,58,10.00,617.00,"6,170.00",2024-03-20
1285,HRL,2024032005002874,65,41,10.00,617.00,"6,170.00",2024-03-20
1286,HRL,2024032005002875,65,35,10.00,617.00,"6,170.00",2024-03-20
1287,HRL,2024032005002876,65,10,10.00,617.00,"6,170.00",2024-03-20
1288,HRL,2024032005002890,65,34,30.00,617.00,"18,510.00",2024-03-20
1289,HRL,2024032005002897,65,21,10.00,617.00,"6,170.00",2024-03-20
1290,HRL,2024032005002902,65,49,10.00,617.00,"6,170.00",2024-03-20
1291,HRL,2024032005002905,65,69,"3,000.00",617.00,"1,851,000.00",2024-03-20
1292,HRL,2024032005002906,65,38,10.00,617.00,"6,170.00",2024-03-20
1293,HRL,2024032005002907,65,35,300.00,617.00,"185,100.00",2024-03-20
1294,HRL,2024032005002908,65,35,20.00,617.00,"12,340.00",2024-03-20
1295,HRL,2024032005002909,65,3,20.00,617.00,"12,340.00",2024-03-20
1296,HRL,2024032005002910,65,8,10.00,617.00,"6,170.00",2024-03-20
1297,HRL,2024032005002911,65,34,449.00,617.00,"277,033.00",2024-03-20
1298,HRL,2024032005002912,65,49,10.00,617.00,"6,170.00",2024-03-20
1299,HRL,2024032005002916,65,58,10.00,617.00,"6,170.00",2024-03-20
1300,HRL,2024032005002922,65,45,30.00,617.00,"18,510.00",2024-03-20
1301,HRL,2024032005002923,65,14,10.00,617.00,"6,170.00",2024-03-20
1302,HRL,2024032005002924,65,35,13.00,617.00,"8,021.00",2024-03-20
1303,HRL,2024032005002925,65,34,10.00,617.00,"6,170.00",2024-03-20
1304,HRL,2024032005002926,65,58,10.00,617.00,"6,170.00",2024-03-20
1305,HRL,2024032005002938,65,51,10.00,617.00,"6,170.00",2024-03-20
1306,HRL,2024032005002944,65,17,10.00,617.00,"6,170.00",2024-03-20
1307,HRL,2024032005002945,45,45,9.00,606.00,"5,454.00",2024-03-20
1308,HRL,2024032005002948,45,45,9.00,606.00,"5,454.00",2024-03-20
1309,HRL,2024032005002949,65,55,10.00,617.00,"6,170.00",2024-03-20
1310,HRL,2024032005002955,45,45,2.00,606.00,"1,212.00",2024-03-20
1311,HRL,2024032005002959,65,34,165.00,617.00,"101,805.00",2024-03-20
1312,HRL,2024032005002960,41,34,90.00,617.00,"55,530.00",2024-03-20
1313,HRL,2024032005002961,22,34,10.00,617.00,"6,170.00",2024-03-20
1314,HRL,2024032005002962,42,34,30.00,617.00,"18,510.00",2024-03-20
1315,HRL,2024032005002963,75,34,10.00,617.00,"6,170.00",2024-03-20
1316,HRL,2024032005002965,26,14,10.00,617.00,"6,170.00",2024-03-20
1317,HRL,2024032005002966,26,39,10.00,617.00,"6,170.00",2024-03-20
1318,HRL,2024032005002967,26,58,10.00,617.00,"6,170.00",2024-03-20
1319,HRL,2024032005002970,26,62,70.00,617.00,"43,190.00",2024-03-20
1320,HRL,2024032005002976,55,14,10.00,616.80,"6,168.00",2024-03-20
1321,HRL,2024032005002982,26,5,40.00,617.00,"24,680.00",2024-03-20
1322,HRL,2024032005002983,26,51,10.00,617.00,"6,170.00",2024-03-20
1323,HRL,2024032005002984,26,21,10.00,617.00,"6,170.00",2024-03-20
1324,HRL,2024032005002985,26,62,10.00,617.00,"6,170.00",2024-03-20
1325,HRL,2024032005002986,55,49,20.00,616.60,"12,332.00",2024-03-20
1326,HRL,2024032005002987,3,49,30.00,616.50,"18,495.00",2024-03-20
1327,HRL,2024032005002994,42,4,10.00,617.50,"6,175.00",2024-03-20
1328,HRL,2024032005002995,42,45,10.00,617.90,"6,179.00",2024-03-20
1329,HRL,2024032005002996,42,32,150.00,617.90,"92,685.00",2024-03-20
1330,HRL,2024032005002997,42,32,20.00,618.00,"12,360.00",2024-03-20
1331,HRL,2024032005002998,42,57,20.00,618.00,"12,360.00",2024-03-20
1332,HRL,2024032005002999,42,40,20.00,618.00,"12,360.00",2024-03-20
1333,HRL,2024032005003000,42,38,30.00,618.00,"18,540.00",2024-03-20
1334,HRL,2024032005003001,42,49,10.00,618.00,"6,180.00",2024-03-20
1335,HRL,2024032005003002,42,59,200.00,618.00,"123,600.00",2024-03-20
1336,HRL,2024032005003003,42,11,10.00,618.00,"6,180.00",2024-03-20
1337,HRL,2024032005003004,42,58,10.00,618.00,"6,180.00",2024-03-20
1338,HRL,2024032005003005,42,58,60.00,618.00,"37,080.00",2024-03-20
1339,HRL,2024032005003006,42,7,10.00,618.00,"6,180.00",2024-03-20
1340,HRL,2024032005003007,42,58,10.00,618.00,"6,180.00",2024-03-20
1341,HRL,2024032005003008,42,58,10.00,618.00,"6,180.00",2024-03-20
1342,HRL,2024032005003009,42,58,10.00,618.00,"6,180.00",2024-03-20
1343,HRL,2024032005003010,42,58,10.00,618.00,"6,180.00",2024-03-20
1344,HRL,2024032005003011,42,49,10.00,618.00,"6,180.00",2024-03-20
1345,HRL,2024032005003012,42,17,30.00,618.00,"18,540.00",2024-03-20
1346,HRL,2024032005003013,42,36,100.00,618.00,"61,800.00",2024-03-20
1347,HRL,2024032005003014,42,35,10.00,618.00,"6,180.00",2024-03-20
1348,HRL,2024032005003017,42,3,30.00,618.00,"18,540.00",2024-03-20
1349,HRL,2024032005003020,42,58,10.00,618.00,"6,180.00",2024-03-20
1350,HRL,2024032005003024,42,62,50.00,618.00,"30,900.00",2024-03-20
1351,HRL,2024032005003025,42,35,20.00,618.00,"12,360.00",2024-03-20
1352,HRL,2024032005003037,3,22,10.00,616.50,"6,165.00",2024-03-20
1353,HRL,2024032005003054,1,58,11.00,617.00,"6,787.00",2024-03-20
1354,HRL,2024032005003060,3,49,10.00,616.50,"6,165.00",2024-03-20
1355,HRL,2024032005003070,42,17,20.00,616.50,"12,330.00",2024-03-20
1356,HRL,2024032005003071,58,38,10.00,618.00,"6,180.00",2024-03-20
1357,HRL,2024032005003072,58,42,10.00,618.00,"6,180.00",2024-03-20
1358,HRL,2024032005003073,58,45,10.00,618.70,"6,187.00",2024-03-20
1359,HRL,2024032005003074,58,75,20.00,619.00,"12,380.00",2024-03-20
1360,HRL,2024032005003076,42,74,10.00,616.50,"6,165.00",2024-03-20
1361,HRL,2024032005003077,5,74,10.00,616.10,"6,161.00",2024-03-20
1362,HRL,2024032005003078,5,58,30.00,616.10,"18,483.00",2024-03-20
1363,HRL,2024032005003083,70,62,10.00,618.00,"6,180.00",2024-03-20
1364,HRL,2024032005003084,70,46,20.00,618.00,"12,360.00",2024-03-20
1365,HRL,2024032005003089,70,40,10.00,618.00,"6,180.00",2024-03-20
1366,HRL,2024032005003105,70,40,20.00,618.00,"12,360.00",2024-03-20
1367,HRL,2024032005003107,70,58,10.00,618.00,"6,180.00",2024-03-20
1368,HRL,2024032005003108,70,6,10.00,618.00,"6,180.00",2024-03-20
1369,HRL,2024032005003109,70,34,55.00,618.00,"33,990.00",2024-03-20
1370,HRL,2024032005003113,58,16,30.00,617.00,"18,510.00",2024-03-20
1371,HRL,2024032005003114,58,34,45.00,617.00,"27,765.00",2024-03-20
1372,HRL,2024032005003120,58,57,20.00,617.00,"12,340.00",2024-03-20
1373,HRL,2024032005003121,85,8,20.00,617.00,"12,340.00",2024-03-20
1374,HRL,2024032005003122,85,34,10.00,617.00,"6,170.00",2024-03-20
1375,HRL,2024032005003123,85,56,20.00,617.00,"12,340.00",2024-03-20
1376,HRL,2024032005003125,85,74,20.00,617.00,"12,340.00",2024-03-20
1377,HRL,2024032005003127,58,49,10.00,618.00,"6,180.00",2024-03-20
1378,HRL,2024032005003128,85,49,10.00,617.00,"6,170.00",2024-03-20
1379,HRL,2024032005003137,41,49,10.00,618.00,"6,180.00",2024-03-20
1380,HRL,2024032005003138,85,56,10.00,617.00,"6,170.00",2024-03-20
1381,HRL,2024032005003139,85,32,60.00,617.00,"37,020.00",2024-03-20
1382,HRL,2024032005003140,38,32,120.00,617.00,"74,040.00",2024-03-20
1383,HRL,2024032005003141,38,8,20.00,617.00,"12,340.00",2024-03-20
1384,HRL,2024032005003143,58,49,10.00,618.00,"6,180.00",2024-03-20
1385,HRL,2024032005003144,38,21,20.00,617.00,"12,340.00",2024-03-20
1386,HRL,2024032005003153,38,56,20.00,617.00,"12,340.00",2024-03-20
1387,HRL,2024032005003156,38,44,10.00,617.00,"6,170.00",2024-03-20
1388,HRL,2024032005003162,38,47,10.00,617.00,"6,170.00",2024-03-20
1389,HRL,2024032005003163,3,56,20.00,616.20,"12,324.00",2024-03-20
1390,HRL,2024032005003170,3,51,50.00,616.20,"30,810.00",2024-03-20
1391,HRL,2024032005003178,3,58,105.00,616.20,"64,701.00",2024-03-20
1392,HRL,2024032005003179,3,52,10.00,616.20,"6,162.00",2024-03-20
1393,HRL,2024032005003180,3,8,10.00,616.20,"6,162.00",2024-03-20
1394,HRL,2024032005003183,42,52,10.00,616.30,"6,163.00",2024-03-20
1395,HRL,2024032005003187,41,35,10.00,617.00,"6,170.00",2024-03-20
1396,HRL,2024032005003188,41,57,11.00,617.00,"6,787.00",2024-03-20
1397,HRL,2024032005003189,3,57,105.00,616.20,"64,701.00",2024-03-20
1398,HRL,2024032005003190,49,57,10.00,616.20,"6,162.00",2024-03-20
1399,HRL,2024032005003191,38,57,24.00,616.20,"14,788.80",2024-03-20
1400,HRL,2024032005003194,38,34,16.00,616.20,"9,859.20",2024-03-20
1401,HRL,2024032005003197,5,49,20.00,616.10,"12,322.00",2024-03-20
1402,HRL,2024032005003199,5,16,10.00,616.10,"6,161.00",2024-03-20
1403,HRL,2024032005003213,5,16,30.00,616.10,"18,483.00",2024-03-20
1404,HRL,2024032005003214,5,44,20.00,616.10,"12,322.00",2024-03-20
1405,HRL,2024032005003215,19,44,10.00,616.10,"6,161.00",2024-03-20
1406,HRL,2024032005003216,19,21,10.00,616.10,"6,161.00",2024-03-20
1407,HRL,2024032005003217,19,52,10.00,616.10,"6,161.00",2024-03-20
1408,HRL,2024032005003218,19,42,10.00,616.10,"6,161.00",2024-03-20
1409,HRL,2024032005003220,19,41,10.00,616.10,"6,161.00",2024-03-20
1410,HRL,2024032005003221,52,41,20.00,616.10,"12,322.00",2024-03-20
1411,HRL,2024032005003224,58,41,10.00,616.10,"6,161.00",2024-03-20
1412,HRL,2024032005003225,58,42,10.00,616.20,"6,162.00",2024-03-20
1413,HRL,2024032005003226,38,42,10.00,616.20,"6,162.00",2024-03-20
1414,HRL,2024032005003228,38,38,10.00,616.20,"6,162.00",2024-03-20
1415,HRL,2024032005003231,58,49,10.00,616.20,"6,162.00",2024-03-20
1416,HRL,2024032005003232,58,4,10.00,616.20,"6,162.00",2024-03-20
1417,HRL,2024032005003233,58,4,10.00,616.20,"6,162.00",2024-03-20
1418,HRL,2024032005003246,58,38,10.00,616.20,"6,162.00",2024-03-20
1419,HRL,2024032005003249,58,58,10.00,616.20,"6,162.00",2024-03-20
1420,HRL,2024032005003254,41,59,100.00,616.30,"61,630.00",2024-03-20
1421,HRL,2024032005003258,41,38,10.00,616.30,"6,163.00",2024-03-20
1422,HRL,2024032005003259,41,19,90.00,616.30,"55,467.00",2024-03-20
1423,HRL,2024032005003260,10,19,10.00,616.30,"6,163.00",2024-03-20
1424,HRL,2024032005003263,10,46,10.00,616.30,"6,163.00",2024-03-20
1425,HRL,2024032005003264,38,46,90.00,616.30,"55,467.00",2024-03-20
1426,HRL,2024032005003265,58,46,20.00,616.20,"12,324.00",2024-03-20
1427,HRL,2024032005003266,58,46,20.00,616.20,"12,324.00",2024-03-20
1428,HRL,2024032005003267,38,46,860.00,616.10,"529,846.00",2024-03-20
1429,HRL,2024032005003270,41,49,30.00,616.30,"18,489.00",2024-03-20
1430,HRL,2024032005003271,38,26,20.00,616.10,"12,322.00",2024-03-20
1431,HRL,2024032005003273,38,49,120.00,616.10,"73,932.00",2024-03-20
1432,HRL,2024032005003274,57,49,10.00,616.00,"6,160.00",2024-03-20
1433,HRL,2024032005003275,42,49,40.00,616.00,"24,640.00",2024-03-20
1434,HRL,2024032005003276,42,25,10.00,616.00,"6,160.00",2024-03-20
1435,HRL,2024032005003278,41,45,10.00,616.20,"6,162.00",2024-03-20
1436,HRL,2024032005003282,41,35,90.00,616.20,"55,458.00",2024-03-20
1437,HRL,2024032005003283,42,35,30.00,616.00,"18,480.00",2024-03-20
1438,HRL,2024032005003284,53,35,30.00,616.00,"18,480.00",2024-03-20
1439,HRL,2024032005003287,57,38,10.00,616.00,"6,160.00",2024-03-20
1440,HRL,2024032005003289,34,49,10.00,616.00,"6,160.00",2024-03-20
1441,HRL,2024032005003291,34,36,10.00,616.00,"6,160.00",2024-03-20
1442,HRL,2024032005003305,22,49,10.00,616.00,"6,160.00",2024-03-20
1443,HRL,2024032005003306,26,49,10.00,616.00,"6,160.00",2024-03-20
1444,HRL,2024032005003307,26,50,10.00,616.00,"6,160.00",2024-03-20
1445,HRL,2024032005003311,29,45,20.00,616.00,"12,320.00",2024-03-20
1446,HRL,2024032005003312,29,41,20.00,616.00,"12,320.00",2024-03-20
1447,HRL,2024032005003313,29,38,10.00,616.00,"6,160.00",2024-03-20
1448,HRL,2024032005003315,55,50,10.00,617.00,"6,170.00",2024-03-20
1449,HRL,2024032005003319,29,11,10.00,616.00,"6,160.00",2024-03-20
1450,HRL,2024032005003321,58,56,10.00,616.00,"6,160.00",2024-03-20
1451,HRL,2024032005003328,58,44,10.00,616.00,"6,160.00",2024-03-20
1452,HRL,2024032005003330,58,4,20.00,616.00,"12,320.00",2024-03-20
1453,HRL,2024032005003335,58,44,10.00,616.00,"6,160.00",2024-03-20
1454,HRL,2024032005003338,38,28,20.00,616.00,"12,320.00",2024-03-20
1455,HRL,2024032005003339,38,37,40.00,616.00,"24,640.00",2024-03-20
1456,HRL,2024032005003340,38,19,10.00,616.00,"6,160.00",2024-03-20
1457,HRL,2024032005003343,38,58,10.00,616.00,"6,160.00",2024-03-20
1458,HRL,2024032005003344,38,48,10.00,616.00,"6,160.00",2024-03-20
1459,HRL,2024032005003345,38,59,200.00,616.00,"123,200.00",2024-03-20
1460,HRL,2024032005003347,49,1,10.00,617.00,"6,170.00",2024-03-20
1461,HRL,2024032005003349,38,38,10.00,616.00,"6,160.00",2024-03-20
1462,HRL,2024032005003350,42,49,20.00,616.00,"12,320.00",2024-03-20
1463,HRL,2024032005003351,42,26,20.00,616.00,"12,320.00",2024-03-20
1464,HRL,2024032005003352,42,26,10.00,616.00,"6,160.00",2024-03-20
1465,HRL,2024032005003354,42,38,10.00,616.00,"6,160.00",2024-03-20
1466,HRL,2024032005003363,42,41,10.00,616.00,"6,160.00",2024-03-20
1467,HRL,2024032005003364,42,34,10.00,616.00,"6,160.00",2024-03-20
1468,HRL,2024032005003371,42,51,10.00,616.00,"6,160.00",2024-03-20
1469,HRL,2024032005003372,42,7,10.00,616.00,"6,160.00",2024-03-20
1470,HRL,2024032005003376,42,41,340.00,616.00,"209,440.00",2024-03-20
1471,HRL,2024032005003377,42,47,10.00,616.00,"6,160.00",2024-03-20
1472,HRL,2024032005003378,42,43,10.00,616.00,"6,160.00",2024-03-20
1473,HRL,2024032005003379,42,49,10.00,616.00,"6,160.00",2024-03-20
1474,HRL,2024032005003380,42,55,20.00,616.00,"12,320.00",2024-03-20
1475,HRL,2024032005003381,42,52,10.00,616.00,"6,160.00",2024-03-20
1476,HRL,2024032005003382,42,3,10.00,616.00,"6,160.00",2024-03-20
1477,HRL,2024032005003383,42,34,10.00,616.00,"6,160.00",2024-03-20
1478,HRL,2024032005003386,42,41,10.00,616.00,"6,160.00",2024-03-20
1479,HRL,2024032005003387,42,38,10.00,616.00,"6,160.00",2024-03-20
1480,HRL,2024032005003388,26,58,10.00,616.20,"6,162.00",2024-03-20
1481,HRL,2024032005003389,42,45,30.00,616.00,"18,480.00",2024-03-20
1482,HRL,2024032005003396,42,55,10.00,616.00,"6,160.00",2024-03-20
1483,HRL,2024032005003397,42,44,10.00,616.00,"6,160.00",2024-03-20
1484,HRL,2024032005003401,42,41,20.00,616.00,"12,320.00",2024-03-20
1485,HRL,2024032005003402,49,49,10.00,616.80,"6,168.00",2024-03-20
1486,HRL,2024032005003403,49,57,60.00,616.90,"37,014.00",2024-03-20
1487,HRL,2024032005003404,42,17,10.00,616.00,"6,160.00",2024-03-20
1488,HRL,2024032005003405,42,38,10.00,616.00,"6,160.00",2024-03-20
1489,HRL,2024032005003406,42,36,10.00,616.00,"6,160.00",2024-03-20
1490,HRL,2024032005003407,56,57,40.00,616.90,"24,676.00",2024-03-20
1491,HRL,2024032005003408,56,45,20.00,617.00,"12,340.00",2024-03-20
1492,HRL,2024032005003409,56,39,10.00,617.00,"6,170.00",2024-03-20
1493,HRL,2024032005003410,56,29,20.00,617.00,"12,340.00",2024-03-20
1494,HRL,2024032005003411,56,25,10.00,617.00,"6,170.00",2024-03-20
1495,HRL,2024032005003412,56,58,10.00,617.00,"6,170.00",2024-03-20
