SN,Symbol,Transaction No.,Buyer Broker,Seller Broker,Share Quantity,Rate(Rs),Amount(Rs),Traded Date
1,HRL,2024031705000003,38,58,10.00,630.00,"6,300.00",2024-03-17
2,HRL,2024031705000006,57,40,30.00,629.10,"18,873.00",2024-03-17
3,HRL,2024031705000008,38,38,10.00,630.00,"6,300.00",2024-03-17
4,HRL,2024031705000009,38,42,10.00,630.00,"6,300.00",2024-03-17
5,HRL,2024031705000010,38,32,40.00,630.00,"25,200.00",2024-03-17
6,HRL,2024031705000011,56,35,20.00,630.00,"12,600.00",2024-03-17
7,HRL,2024031705000012,56,54,20.00,630.00,"12,600.00",2024-03-17
8,HRL,2024031705000013,56,14,10.00,630.00,"6,300.00",2024-03-17
9,HRL,2024031705000014,56,14,10.00,630.00,"6,300.00",2024-03-17
10,HRL,2024031705000015,56,41,10.00,630.00,"6,300.00",2024-03-17
11,HRL,2024031705000017,56,47,20.00,630.00,"12,600.00",2024-03-17
12,HRL,2024031705000019,56,21,10.00,630.00,"6,300.00",2024-03-17
13,HRL,2024031705000020,38,47,10.00,630.00,"6,300.00",2024-03-17
14,HRL,2024031705000021,38,52,10.00,630.00,"6,300.00",2024-03-17
15,HRL,2024031705000022,38,4,10.00,630.00,"6,300.00",2024-03-17
16,HRL,2024031705000023,56,4,10.00,630.00,"6,300.00",2024-03-17
17,HRL,2024031705000024,36,20,10.00,630.50,"6,305.00",2024-03-17
18,HRL,2024031705000025,36,57,13.00,631.00,"8,203.00",2024-03-17
19,HRL,2024031705000026,36,47,10.00,631.00,"6,310.00",2024-03-17
20,HRL,2024031705000027,28,41,20.00,634.00,"12,680.00",2024-03-17
21,HRL,2024031705000028,28,38,10.00,635.00,"6,350.00",2024-03-17
22,HRL,2024031705000029,56,47,10.00,631.10,"6,311.00",2024-03-17
23,HRL,2024031705000030,56,47,10.00,631.10,"6,311.00",2024-03-17
24,HRL,2024031705000032,57,47,10.00,631.20,"6,312.00",2024-03-17
25,HRL,2024031705000033,57,35,40.00,631.20,"25,248.00",2024-03-17
26,HRL,2024031705000034,57,47,20.00,631.20,"12,624.00",2024-03-17
27,HRL,2024031705000035,57,38,20.00,631.20,"12,624.00",2024-03-17
28,HRL,2024031705000036,74,47,20.00,632.00,"12,640.00",2024-03-17
29,HRL,2024031705000037,74,28,10.00,632.00,"6,320.00",2024-03-17
30,HRL,2024031705000038,74,53,10.00,632.00,"6,320.00",2024-03-17
31,HRL,2024031705000039,74,47,20.00,632.00,"12,640.00",2024-03-17
32,HRL,2024031705000041,42,47,20.00,632.10,"12,642.00",2024-03-17
33,HRL,2024031705000043,42,47,10.00,632.10,"6,321.00",2024-03-17
34,HRL,2024031705000044,74,47,10.00,632.00,"6,320.00",2024-03-17
35,HRL,2024031705000045,74,38,10.00,632.00,"6,320.00",2024-03-17
36,HRL,2024031705000046,74,47,20.00,632.00,"12,640.00",2024-03-17
37,HRL,2024031705000047,21,49,10.00,633.00,"6,330.00",2024-03-17
38,HRL,2024031705000048,21,51,20.00,634.00,"12,680.00",2024-03-17
39,HRL,2024031705000049,21,57,10.00,634.00,"6,340.00",2024-03-17
40,HRL,2024031705000050,21,58,10.00,634.00,"6,340.00",2024-03-17
41,HRL,2024031705000051,21,19,46.00,634.00,"29,164.00",2024-03-17
42,HRL,2024031705000052,57,33,10.00,632.10,"6,321.00",2024-03-17
43,HRL,2024031705000053,57,56,190.00,632.10,"120,099.00",2024-03-17
44,HRL,2024031705000054,74,56,810.00,632.00,"511,920.00",2024-03-17
45,HRL,2024031705000055,74,38,10.00,632.00,"6,320.00",2024-03-17
46,HRL,2024031705000056,74,45,20.00,632.00,"12,640.00",2024-03-17
47,HRL,2024031705000057,74,59,10.00,632.00,"6,320.00",2024-03-17
48,HRL,2024031705000058,74,57,50.00,632.00,"31,600.00",2024-03-17
49,HRL,2024031705000059,57,57,276.00,631.20,"174,211.20",2024-03-17
50,HRL,2024031705000061,57,47,20.00,631.20,"12,624.00",2024-03-17
51,HRL,2024031705000062,57,59,84.00,631.20,"53,020.80",2024-03-17
52,HRL,2024031705000063,56,59,116.00,631.10,"73,207.60",2024-03-17
53,HRL,2024031705000065,56,52,10.00,631.10,"6,311.00",2024-03-17
54,HRL,2024031705000066,56,47,20.00,631.10,"12,622.00",2024-03-17
55,HRL,2024031705000067,56,57,20.00,631.10,"12,622.00",2024-03-17
56,HRL,2024031705000068,56,69,814.00,631.10,"513,715.40",2024-03-17
57,HRL,2024031705000069,36,69,"2,967.00",631.00,"1,872,177.00",2024-03-17
58,HRL,2024031705000070,56,69,990.00,630.00,"623,700.00",2024-03-17
59,HRL,2024031705000071,55,69,"4,229.00",630.00,"2,664,270.00",2024-03-17
60,HRL,2024031705000073,55,44,10.00,630.00,"6,300.00",2024-03-17
61,HRL,2024031705000074,55,40,20.00,630.00,"12,600.00",2024-03-17
62,HRL,2024031705000075,55,52,20.00,630.00,"12,600.00",2024-03-17
63,HRL,2024031705000076,55,19,124.00,630.00,"78,120.00",2024-03-17
64,HRL,2024031705000077,55,57,500.00,630.00,"315,000.00",2024-03-17
65,HRL,2024031705000078,55,47,20.00,630.00,"12,600.00",2024-03-17
66,HRL,2024031705000081,55,74,77.00,630.00,"48,510.00",2024-03-17
67,HRL,2024031705000082,49,74,70.00,630.00,"44,100.00",2024-03-17
68,HRL,2024031705000083,22,47,20.00,628.00,"12,560.00",2024-03-17
69,HRL,2024031705000084,58,74,50.00,630.00,"31,500.00",2024-03-17
70,HRL,2024031705000086,22,3,20.00,628.00,"12,560.00",2024-03-17
71,HRL,2024031705000087,22,45,10.00,628.00,"6,280.00",2024-03-17
72,HRL,2024031705000088,58,47,10.00,628.00,"6,280.00",2024-03-17
73,HRL,2024031705000089,56,47,10.00,625.10,"6,251.00",2024-03-17
74,HRL,2024031705000090,56,47,20.00,625.10,"12,502.00",2024-03-17
75,HRL,2024031705000091,56,47,200.00,625.10,"125,020.00",2024-03-17
76,HRL,2024031705000092,56,8,10.00,625.10,"6,251.00",2024-03-17
77,HRL,2024031705000098,36,52,10.00,625.20,"6,252.00",2024-03-17
78,HRL,2024031705000099,36,47,20.00,625.20,"12,504.00",2024-03-17
79,HRL,2024031705000101,19,13,10.00,625.20,"6,252.00",2024-03-17
80,HRL,2024031705000102,19,45,10.00,625.20,"6,252.00",2024-03-17
81,HRL,2024031705000103,19,55,10.00,625.20,"6,252.00",2024-03-17
82,HRL,2024031705000104,8,8,10.00,625.30,"6,253.00",2024-03-17
83,HRL,2024031705000106,74,4,10.00,626.00,"6,260.00",2024-03-17
84,HRL,2024031705000107,74,35,10.00,626.00,"6,260.00",2024-03-17
85,HRL,2024031705000110,74,38,10.00,626.00,"6,260.00",2024-03-17
86,HRL,2024031705000113,57,6,10.00,626.10,"6,261.00",2024-03-17
87,HRL,2024031705000116,8,47,20.00,626.20,"12,524.00",2024-03-17
88,HRL,2024031705000117,1,22,10.00,627.00,"6,270.00",2024-03-17
89,HRL,2024031705000118,1,25,10.00,628.00,"6,280.00",2024-03-17
90,HRL,2024031705000119,8,36,10.00,626.20,"6,262.00",2024-03-17
91,HRL,2024031705000120,8,6,10.00,626.20,"6,262.00",2024-03-17
92,HRL,2024031705000123,34,47,20.00,626.40,"12,528.00",2024-03-17
93,HRL,2024031705000124,34,55,10.00,626.40,"6,264.00",2024-03-17
94,HRL,2024031705000126,48,58,10.00,627.00,"6,270.00",2024-03-17
95,HRL,2024031705000127,48,54,10.00,627.00,"6,270.00",2024-03-17
96,HRL,2024031705000130,55,64,30.00,629.00,"18,870.00",2024-03-17
97,HRL,2024031705000131,55,38,10.00,629.00,"6,290.00",2024-03-17
98,HRL,2024031705000133,45,81,50.00,629.00,"31,450.00",2024-03-17
99,HRL,2024031705000134,48,47,20.00,627.00,"12,540.00",2024-03-17
100,HRL,2024031705000136,3,41,20.00,627.10,"12,542.00",2024-03-17
101,HRL,2024031705000137,3,35,10.00,627.10,"6,271.00",2024-03-17
102,HRL,2024031705000138,3,17,10.00,627.10,"6,271.00",2024-03-17
103,HRL,2024031705000143,3,49,10.00,627.10,"6,271.00",2024-03-17
104,HRL,2024031705000146,3,13,10.00,627.10,"6,271.00",2024-03-17
105,HRL,2024031705000150,3,38,20.00,627.10,"12,542.00",2024-03-17
106,HRL,2024031705000152,57,53,20.00,627.20,"12,544.00",2024-03-17
107,HRL,2024031705000156,45,55,20.00,628.00,"12,560.00",2024-03-17
108,HRL,2024031705000157,57,56,10.00,627.20,"6,272.00",2024-03-17
109,HRL,2024031705000158,57,35,10.00,627.20,"6,272.00",2024-03-17
110,HRL,2024031705000159,57,57,111.00,628.90,"69,807.90",2024-03-17
111,HRL,2024031705000160,57,58,10.00,627.20,"6,272.00",2024-03-17
112,HRL,2024031705000161,57,21,20.00,627.20,"12,544.00",2024-03-17
113,HRL,2024031705000162,57,8,10.00,628.00,"6,280.00",2024-03-17
114,HRL,2024031705000166,57,57,200.00,628.00,"125,600.00",2024-03-17
115,HRL,2024031705000169,57,58,30.00,628.00,"18,840.00",2024-03-17
116,HRL,2024031705000172,16,57,50.00,628.10,"31,405.00",2024-03-17
117,HRL,2024031705000173,57,57,250.00,628.00,"157,000.00",2024-03-17
118,HRL,2024031705000174,57,45,10.00,628.00,"6,280.00",2024-03-17
119,HRL,2024031705000178,57,68,10.00,627.20,"6,272.00",2024-03-17
120,HRL,2024031705000180,57,58,10.00,627.20,"6,272.00",2024-03-17
121,HRL,2024031705000182,3,38,10.00,627.10,"6,271.00",2024-03-17
122,HRL,2024031705000183,42,1,10.00,628.00,"6,280.00",2024-03-17
123,HRL,2024031705000185,3,45,10.00,627.10,"6,271.00",2024-03-17
124,HRL,2024031705000186,3,34,20.00,627.10,"12,542.00",2024-03-17
125,HRL,2024031705000187,57,14,20.00,628.00,"12,560.00",2024-03-17
126,HRL,2024031705000188,57,36,20.00,628.00,"12,560.00",2024-03-17
127,HRL,2024031705000189,57,36,50.00,628.00,"31,400.00",2024-03-17
128,HRL,2024031705000190,57,58,20.00,628.00,"12,560.00",2024-03-17
129,HRL,2024031705000191,57,34,20.00,628.00,"12,560.00",2024-03-17
130,HRL,2024031705000193,57,58,10.00,628.00,"6,280.00",2024-03-17
131,HRL,2024031705000197,26,57,389.00,628.90,"244,642.10",2024-03-17
132,HRL,2024031705000198,26,49,10.00,628.90,"6,289.00",2024-03-17
133,HRL,2024031705000201,57,36,10.00,628.00,"6,280.00",2024-03-17
134,HRL,2024031705000203,57,8,10.00,628.00,"6,280.00",2024-03-17
135,HRL,2024031705000205,26,81,450.00,629.00,"283,050.00",2024-03-17
136,HRL,2024031705000206,26,42,20.00,629.00,"12,580.00",2024-03-17
137,HRL,2024031705000207,26,49,10.00,629.00,"6,290.00",2024-03-17
138,HRL,2024031705000208,26,28,10.00,629.00,"6,290.00",2024-03-17
139,HRL,2024031705000209,26,58,10.00,629.00,"6,290.00",2024-03-17
140,HRL,2024031705000210,59,45,10.00,629.00,"6,290.00",2024-03-17
141,HRL,2024031705000213,59,58,30.00,629.00,"18,870.00",2024-03-17
142,HRL,2024031705000216,59,38,20.00,629.00,"12,580.00",2024-03-17
143,HRL,2024031705000219,59,49,10.00,629.00,"6,290.00",2024-03-17
144,HRL,2024031705000220,59,56,10.00,629.00,"6,290.00",2024-03-17
145,HRL,2024031705000221,57,45,10.00,628.00,"6,280.00",2024-03-17
146,HRL,2024031705000222,57,14,10.00,628.00,"6,280.00",2024-03-17
147,HRL,2024031705000226,57,66,10.00,628.00,"6,280.00",2024-03-17
148,HRL,2024031705000227,57,58,10.00,628.00,"6,280.00",2024-03-17
149,HRL,2024031705000232,57,4,20.00,628.00,"12,560.00",2024-03-17
150,HRL,2024031705000233,57,35,20.00,628.00,"12,560.00",2024-03-17
151,HRL,2024031705000234,57,11,10.00,628.00,"6,280.00",2024-03-17
152,HRL,2024031705000235,58,45,10.00,628.10,"6,281.00",2024-03-17
153,HRL,2024031705000236,48,6,20.00,628.50,"12,570.00",2024-03-17
154,HRL,2024031705000239,42,5,10.00,629.00,"6,290.00",2024-03-17
155,HRL,2024031705000240,42,38,20.00,629.00,"12,580.00",2024-03-17
156,HRL,2024031705000241,42,38,10.00,629.00,"6,290.00",2024-03-17
157,HRL,2024031705000248,48,48,10.00,628.50,"6,285.00",2024-03-17
158,HRL,2024031705000249,74,56,16.00,629.00,"10,064.00",2024-03-17
159,HRL,2024031705000250,74,44,30.00,629.00,"18,870.00",2024-03-17
160,HRL,2024031705000251,74,52,10.00,629.00,"6,290.00",2024-03-17
161,HRL,2024031705000252,74,58,180.00,629.90,"113,382.00",2024-03-17
162,HRL,2024031705000253,74,41,100.00,629.90,"62,990.00",2024-03-17
163,HRL,2024031705000254,74,74,664.00,630.00,"418,320.00",2024-03-17
164,HRL,2024031705000255,48,57,20.00,628.50,"12,570.00",2024-03-17
165,HRL,2024031705000257,48,59,10.00,628.50,"6,285.00",2024-03-17
166,HRL,2024031705000263,65,43,20.00,628.40,"12,568.00",2024-03-17
167,HRL,2024031705000264,65,59,40.00,628.40,"25,136.00",2024-03-17
168,HRL,2024031705000267,65,35,10.00,628.40,"6,284.00",2024-03-17
169,HRL,2024031705000270,65,58,20.00,628.40,"12,568.00",2024-03-17
170,HRL,2024031705000274,65,45,10.00,628.40,"6,284.00",2024-03-17
171,HRL,2024031705000276,65,58,10.00,628.40,"6,284.00",2024-03-17
172,HRL,2024031705000280,74,42,10.00,628.50,"6,285.00",2024-03-17
173,HRL,2024031705000281,74,52,10.00,629.00,"6,290.00",2024-03-17
174,HRL,2024031705000282,74,58,10.00,629.00,"6,290.00",2024-03-17
175,HRL,2024031705000283,74,48,10.00,629.00,"6,290.00",2024-03-17
176,HRL,2024031705000284,74,4,10.00,629.00,"6,290.00",2024-03-17
177,HRL,2024031705000285,74,17,10.00,630.00,"6,300.00",2024-03-17
178,HRL,2024031705000286,74,44,10.00,630.00,"6,300.00",2024-03-17
179,HRL,2024031705000287,74,54,10.00,630.00,"6,300.00",2024-03-17
180,HRL,2024031705000288,74,35,20.00,630.00,"12,600.00",2024-03-17
181,HRL,2024031705000289,74,39,30.00,630.00,"18,900.00",2024-03-17
182,HRL,2024031705000290,74,39,30.00,630.00,"18,900.00",2024-03-17
183,HRL,2024031705000291,74,58,30.00,630.00,"18,900.00",2024-03-17
184,HRL,2024031705000292,74,58,20.00,630.00,"12,600.00",2024-03-17
185,HRL,2024031705000293,74,26,760.00,630.00,"478,800.00",2024-03-17
186,HRL,2024031705000294,65,58,20.00,628.40,"12,568.00",2024-03-17
187,HRL,2024031705000296,65,58,10.00,628.40,"6,284.00",2024-03-17
188,HRL,2024031705000298,65,38,10.00,628.40,"6,284.00",2024-03-17
189,HRL,2024031705000299,10,49,20.00,629.00,"12,580.00",2024-03-17
190,HRL,2024031705000306,56,32,150.00,629.00,"94,350.00",2024-03-17
191,HRL,2024031705000307,56,45,50.00,629.50,"31,475.00",2024-03-17
192,HRL,2024031705000308,56,26,300.00,630.00,"189,000.00",2024-03-17
193,HRL,2024031705000312,53,49,10.00,629.00,"6,290.00",2024-03-17
194,HRL,2024031705000316,53,52,20.00,629.00,"12,580.00",2024-03-17
195,HRL,2024031705000318,53,58,10.00,629.00,"6,290.00",2024-03-17
196,HRL,2024031705000320,56,26,500.00,630.00,"315,000.00",2024-03-17
197,HRL,2024031705000326,53,58,10.00,629.00,"6,290.00",2024-03-17
198,HRL,2024031705000327,56,58,10.00,629.00,"6,290.00",2024-03-17
199,HRL,2024031705000328,56,6,20.00,629.90,"12,598.00",2024-03-17
200,HRL,2024031705000329,56,26,470.00,630.00,"296,100.00",2024-03-17
201,HRL,2024031705000330,26,49,20.00,628.50,"12,570.00",2024-03-17
202,HRL,2024031705000342,36,4,10.00,629.00,"6,290.00",2024-03-17
203,HRL,2024031705000343,36,4,10.00,629.00,"6,290.00",2024-03-17
204,HRL,2024031705000344,56,6,20.00,629.90,"12,598.00",2024-03-17
205,HRL,2024031705000345,56,26,480.00,630.00,"302,400.00",2024-03-17
206,HRL,2024031705000347,36,57,10.00,629.00,"6,290.00",2024-03-17
207,HRL,2024031705000348,36,7,10.00,629.00,"6,290.00",2024-03-17
208,HRL,2024031705000350,36,66,10.00,629.00,"6,290.00",2024-03-17
209,HRL,2024031705000351,26,66,10.00,629.00,"6,290.00",2024-03-17
210,HRL,2024031705000352,34,26,50.00,630.00,"31,500.00",2024-03-17
211,HRL,2024031705000356,3,26,"1,000.00",630.00,"630,000.00",2024-03-17
212,HRL,2024031705000357,26,7,10.00,629.00,"6,290.00",2024-03-17
213,HRL,2024031705000359,26,41,10.00,629.00,"6,290.00",2024-03-17
214,HRL,2024031705000360,26,49,20.00,629.00,"12,580.00",2024-03-17
215,HRL,2024031705000361,92,49,30.00,629.00,"18,870.00",2024-03-17
216,HRL,2024031705000362,92,26,170.00,630.00,"107,100.00",2024-03-17
217,HRL,2024031705000365,47,6,20.00,629.90,"12,598.00",2024-03-17
218,HRL,2024031705000366,47,26,980.00,630.00,"617,400.00",2024-03-17
219,HRL,2024031705000367,53,41,10.00,628.70,"6,287.00",2024-03-17
220,HRL,2024031705000368,53,49,10.00,628.70,"6,287.00",2024-03-17
221,HRL,2024031705000369,56,58,10.00,629.00,"6,290.00",2024-03-17
222,HRL,2024031705000370,56,26,"1,894.00",630.00,"1,193,220.00",2024-03-17
223,HRL,2024031705000371,56,51,10.00,630.00,"6,300.00",2024-03-17
224,HRL,2024031705000372,56,57,10.00,630.00,"6,300.00",2024-03-17
225,HRL,2024031705000373,56,14,10.00,630.00,"6,300.00",2024-03-17
226,HRL,2024031705000374,56,38,10.00,630.00,"6,300.00",2024-03-17
227,HRL,2024031705000375,56,58,10.00,630.00,"6,300.00",2024-03-17
228,HRL,2024031705000376,56,35,20.00,630.00,"12,600.00",2024-03-17
229,HRL,2024031705000377,56,35,10.00,630.00,"6,300.00",2024-03-17
230,HRL,2024031705000378,56,54,20.00,630.00,"12,600.00",2024-03-17
231,HRL,2024031705000379,56,51,10.00,630.00,"6,300.00",2024-03-17
232,HRL,2024031705000380,56,34,20.00,630.00,"12,600.00",2024-03-17
233,HRL,2024031705000381,56,53,20.00,630.00,"12,600.00",2024-03-17
234,HRL,2024031705000382,56,28,20.00,630.00,"12,600.00",2024-03-17
235,HRL,2024031705000383,56,58,10.00,630.00,"6,300.00",2024-03-17
236,HRL,2024031705000384,56,32,10.00,630.00,"6,300.00",2024-03-17
237,HRL,2024031705000385,56,49,10.00,630.00,"6,300.00",2024-03-17
238,HRL,2024031705000386,56,21,10.00,630.00,"6,300.00",2024-03-17
239,HRL,2024031705000387,56,49,20.00,630.00,"12,600.00",2024-03-17
240,HRL,2024031705000388,56,53,20.00,630.00,"12,600.00",2024-03-17
241,HRL,2024031705000389,56,38,10.00,630.00,"6,300.00",2024-03-17
242,HRL,2024031705000390,56,16,10.00,630.00,"6,300.00",2024-03-17
243,HRL,2024031705000391,56,4,20.00,630.00,"12,600.00",2024-03-17
244,HRL,2024031705000392,56,38,10.00,630.00,"6,300.00",2024-03-17
245,HRL,2024031705000393,56,45,10.00,630.00,"6,300.00",2024-03-17
246,HRL,2024031705000394,56,56,20.00,630.00,"12,600.00",2024-03-17
247,HRL,2024031705000395,56,34,30.00,630.00,"18,900.00",2024-03-17
248,HRL,2024031705000396,56,52,10.00,630.00,"6,300.00",2024-03-17
249,HRL,2024031705000397,56,56,10.00,630.00,"6,300.00",2024-03-17
250,HRL,2024031705000398,56,4,10.00,630.00,"6,300.00",2024-03-17
251,HRL,2024031705000399,56,71,50.00,630.00,"31,500.00",2024-03-17
252,HRL,2024031705000400,56,45,10.00,630.00,"6,300.00",2024-03-17
253,HRL,2024031705000401,56,34,10.00,630.00,"6,300.00",2024-03-17
254,HRL,2024031705000402,56,35,10.00,630.00,"6,300.00",2024-03-17
255,HRL,2024031705000403,56,59,10.00,630.00,"6,300.00",2024-03-17
256,HRL,2024031705000404,56,7,10.00,630.00,"6,300.00",2024-03-17
257,HRL,2024031705000405,56,35,10.00,630.00,"6,300.00",2024-03-17
258,HRL,2024031705000406,56,28,10.00,630.00,"6,300.00",2024-03-17
259,HRL,2024031705000407,56,38,10.00,630.00,"6,300.00",2024-03-17
260,HRL,2024031705000408,56,35,20.00,630.00,"12,600.00",2024-03-17
261,HRL,2024031705000409,56,1,10.00,630.00,"6,300.00",2024-03-17
262,HRL,2024031705000410,56,58,10.00,630.00,"6,300.00",2024-03-17
263,HRL,2024031705000411,56,52,10.00,630.00,"6,300.00",2024-03-17
264,HRL,2024031705000416,56,54,10.00,630.00,"6,300.00",2024-03-17
265,HRL,2024031705000429,56,57,10.00,630.00,"6,300.00",2024-03-17
266,HRL,2024031705000434,14,49,20.00,630.00,"12,600.00",2024-03-17
267,HRL,2024031705000435,14,62,10.00,630.00,"6,300.00",2024-03-17
268,HRL,2024031705000436,14,53,10.00,630.00,"6,300.00",2024-03-17
269,HRL,2024031705000437,14,40,10.00,630.00,"6,300.00",2024-03-17
270,HRL,2024031705000438,48,49,20.00,630.00,"12,600.00",2024-03-17
271,HRL,2024031705000443,1,52,10.00,630.10,"6,301.00",2024-03-17
272,HRL,2024031705000448,62,49,10.00,630.20,"6,302.00",2024-03-17
273,HRL,2024031705000449,62,38,10.00,630.20,"6,302.00",2024-03-17
274,HRL,2024031705000450,1,38,10.00,630.10,"6,301.00",2024-03-17
275,HRL,2024031705000451,16,34,10.00,630.50,"6,305.00",2024-03-17
276,HRL,2024031705000452,16,28,10.00,630.50,"6,305.00",2024-03-17
277,HRL,2024031705000453,16,40,10.00,630.50,"6,305.00",2024-03-17
278,HRL,2024031705000460,53,34,10.00,631.00,"6,310.00",2024-03-17
279,HRL,2024031705000461,53,14,10.00,631.00,"6,310.00",2024-03-17
280,HRL,2024031705000464,53,34,10.00,631.00,"6,310.00",2024-03-17
281,HRL,2024031705000465,16,41,10.00,630.50,"6,305.00",2024-03-17
282,HRL,2024031705000466,16,49,10.00,630.50,"6,305.00",2024-03-17
283,HRL,2024031705000468,16,21,10.00,630.50,"6,305.00",2024-03-17
284,HRL,2024031705000469,16,16,16.00,630.50,"10,088.00",2024-03-17
285,HRL,2024031705000473,1,6,10.00,630.10,"6,301.00",2024-03-17
286,HRL,2024031705000474,47,35,10.00,631.00,"6,310.00",2024-03-17
287,HRL,2024031705000475,47,58,200.00,631.00,"126,200.00",2024-03-17
288,HRL,2024031705000482,47,29,10.00,631.00,"6,310.00",2024-03-17
289,HRL,2024031705000485,1,58,10.00,631.10,"6,311.00",2024-03-17
290,HRL,2024031705000486,1,58,10.00,631.10,"6,311.00",2024-03-17
291,HRL,2024031705000487,47,55,10.00,631.00,"6,310.00",2024-03-17
292,HRL,2024031705000489,34,58,10.00,631.50,"6,315.00",2024-03-17
293,HRL,2024031705000491,34,47,20.00,631.50,"12,630.00",2024-03-17
294,HRL,2024031705000493,34,47,20.00,631.50,"12,630.00",2024-03-17
295,HRL,2024031705000504,40,54,30.00,631.90,"18,957.00",2024-03-17
296,HRL,2024031705000505,40,28,10.00,631.90,"6,319.00",2024-03-17
297,HRL,2024031705000506,40,17,10.00,632.00,"6,320.00",2024-03-17
298,HRL,2024031705000507,40,42,10.00,632.00,"6,320.00",2024-03-17
299,HRL,2024031705000508,40,7,10.00,632.00,"6,320.00",2024-03-17
300,HRL,2024031705000509,40,34,20.00,632.00,"12,640.00",2024-03-17
301,HRL,2024031705000510,40,54,10.00,632.00,"6,320.00",2024-03-17
302,HRL,2024031705000511,40,45,10.00,632.00,"6,320.00",2024-03-17
303,HRL,2024031705000512,40,45,10.00,632.00,"6,320.00",2024-03-17
304,HRL,2024031705000513,40,49,30.00,632.00,"18,960.00",2024-03-17
305,HRL,2024031705000514,40,49,20.00,632.00,"12,640.00",2024-03-17
306,HRL,2024031705000515,40,40,10.00,632.00,"6,320.00",2024-03-17
307,HRL,2024031705000516,40,17,10.00,632.00,"6,320.00",2024-03-17
308,HRL,2024031705000517,40,47,10.00,632.00,"6,320.00",2024-03-17
309,HRL,2024031705000518,34,47,10.00,631.50,"6,315.00",2024-03-17
310,HRL,2024031705000519,34,42,10.00,631.50,"6,315.00",2024-03-17
311,HRL,2024031705000520,34,47,10.00,631.50,"6,315.00",2024-03-17
312,HRL,2024031705000522,34,41,20.00,631.50,"12,630.00",2024-03-17
313,HRL,2024031705000524,34,55,10.00,631.50,"6,315.00",2024-03-17
314,HRL,2024031705000528,59,57,10.00,632.10,"6,321.00",2024-03-17
315,HRL,2024031705000529,59,58,10.00,632.10,"6,321.00",2024-03-17
316,HRL,2024031705000530,34,17,10.00,631.50,"6,315.00",2024-03-17
317,HRL,2024031705000532,4,34,10.00,631.60,"6,316.00",2024-03-17
318,HRL,2024031705000533,34,51,10.00,631.50,"6,315.00",2024-03-17
319,HRL,2024031705000539,33,58,30.00,631.70,"18,951.00",2024-03-17
320,HRL,2024031705000540,33,57,20.00,631.70,"12,634.00",2024-03-17
321,HRL,2024031705000544,62,58,10.00,632.00,"6,320.00",2024-03-17
322,HRL,2024031705000548,62,1,10.00,632.00,"6,320.00",2024-03-17
323,HRL,2024031705000549,62,35,20.00,632.00,"12,640.00",2024-03-17
324,HRL,2024031705000550,62,49,20.00,632.00,"12,640.00",2024-03-17
325,HRL,2024031705000551,62,36,20.00,632.00,"12,640.00",2024-03-17
326,HRL,2024031705000552,62,49,10.00,632.00,"6,320.00",2024-03-17
327,HRL,2024031705000555,62,49,10.00,632.00,"6,320.00",2024-03-17
328,HRL,2024031705000556,42,6,20.00,632.90,"12,658.00",2024-03-17
329,HRL,2024031705000557,42,6,20.00,632.90,"12,658.00",2024-03-17
330,HRL,2024031705000558,42,58,10.00,632.90,"6,329.00",2024-03-17
331,HRL,2024031705000559,42,6,10.00,633.00,"6,330.00",2024-03-17
332,HRL,2024031705000560,42,58,10.00,633.00,"6,330.00",2024-03-17
333,HRL,2024031705000561,42,59,80.00,633.00,"50,640.00",2024-03-17
334,HRL,2024031705000569,62,41,10.00,632.00,"6,320.00",2024-03-17
335,HRL,2024031705000571,36,28,10.00,632.90,"6,329.00",2024-03-17
336,HRL,2024031705000575,62,58,20.00,632.10,"12,642.00",2024-03-17
337,HRL,2024031705000576,13,59,90.00,633.00,"56,970.00",2024-03-17
338,HRL,2024031705000577,13,58,20.00,633.00,"12,660.00",2024-03-17
339,HRL,2024031705000578,13,57,10.00,633.00,"6,330.00",2024-03-17
340,HRL,2024031705000581,13,50,10.00,633.00,"6,330.00",2024-03-17
341,HRL,2024031705000582,13,36,20.00,633.00,"12,660.00",2024-03-17
342,HRL,2024031705000583,13,51,10.00,633.00,"6,330.00",2024-03-17
343,HRL,2024031705000584,13,58,10.00,633.00,"6,330.00",2024-03-17
344,HRL,2024031705000585,13,34,10.00,633.00,"6,330.00",2024-03-17
345,HRL,2024031705000586,13,54,10.00,633.00,"6,330.00",2024-03-17
346,HRL,2024031705000591,13,55,10.00,633.00,"6,330.00",2024-03-17
347,HRL,2024031705000592,13,6,20.00,633.00,"12,660.00",2024-03-17
348,HRL,2024031705000593,13,36,20.00,633.00,"12,660.00",2024-03-17
349,HRL,2024031705000594,13,57,90.00,633.00,"56,970.00",2024-03-17
350,HRL,2024031705000595,13,40,10.00,633.00,"6,330.00",2024-03-17
351,HRL,2024031705000600,59,45,10.00,633.10,"6,331.00",2024-03-17
352,HRL,2024031705000601,59,36,20.00,633.10,"12,662.00",2024-03-17
353,HRL,2024031705000602,59,45,30.00,633.10,"18,993.00",2024-03-17
354,HRL,2024031705000603,59,69,40.00,633.10,"25,324.00",2024-03-17
355,HRL,2024031705000604,13,69,660.00,633.00,"417,780.00",2024-03-17
356,HRL,2024031705000605,68,69,10.00,633.00,"6,330.00",2024-03-17
357,HRL,2024031705000606,62,69,280.00,632.10,"176,988.00",2024-03-17
358,HRL,2024031705000607,62,69,10.00,632.00,"6,320.00",2024-03-17
359,HRL,2024031705000612,62,11,30.00,632.00,"18,960.00",2024-03-17
360,HRL,2024031705000613,62,36,20.00,632.00,"12,640.00",2024-03-17
361,HRL,2024031705000615,62,42,10.00,632.00,"6,320.00",2024-03-17
362,HRL,2024031705000616,62,49,20.00,632.00,"12,640.00",2024-03-17
363,HRL,2024031705000619,47,69,25.00,631.80,"15,795.00",2024-03-17
364,HRL,2024031705000620,33,69,50.00,631.70,"31,585.00",2024-03-17
365,HRL,2024031705000621,34,69,70.00,631.50,"44,205.00",2024-03-17
366,HRL,2024031705000622,57,69,500.00,631.30,"315,650.00",2024-03-17
367,HRL,2024031705000623,47,69,270.00,631.00,"170,370.00",2024-03-17
368,HRL,2024031705000624,58,69,85.00,631.00,"53,635.00",2024-03-17
369,HRL,2024031705000626,58,55,10.00,631.00,"6,310.00",2024-03-17
370,HRL,2024031705000630,58,48,10.00,631.00,"6,310.00",2024-03-17
371,HRL,2024031705000632,58,6,10.00,631.00,"6,310.00",2024-03-17
372,HRL,2024031705000633,58,49,10.00,631.00,"6,310.00",2024-03-17
373,HRL,2024031705000634,58,58,10.00,631.00,"6,310.00",2024-03-17
374,HRL,2024031705000635,58,48,10.00,631.00,"6,310.00",2024-03-17
375,HRL,2024031705000636,58,36,10.00,630.20,"6,302.00",2024-03-17
376,HRL,2024031705000637,56,36,10.00,630.00,"6,300.00",2024-03-17
377,HRL,2024031705000641,45,35,10.00,630.00,"6,300.00",2024-03-17
378,HRL,2024031705000642,65,35,10.00,630.00,"6,300.00",2024-03-17
379,HRL,2024031705000643,59,42,20.00,630.20,"12,604.00",2024-03-17
380,HRL,2024031705000647,65,45,490.00,630.00,"308,700.00",2024-03-17
381,HRL,2024031705000648,46,45,10.00,630.00,"6,300.00",2024-03-17
382,HRL,2024031705000651,46,58,10.00,630.00,"6,300.00",2024-03-17
383,HRL,2024031705000654,46,38,20.00,630.00,"12,600.00",2024-03-17
384,HRL,2024031705000655,46,94,10.00,630.00,"6,300.00",2024-03-17
385,HRL,2024031705000656,46,59,10.00,630.00,"6,300.00",2024-03-17
386,HRL,2024031705000659,46,13,20.00,630.00,"12,600.00",2024-03-17
387,HRL,2024031705000664,46,21,10.00,630.00,"6,300.00",2024-03-17
388,HRL,2024031705000665,46,33,30.00,630.00,"18,900.00",2024-03-17
389,HRL,2024031705000666,46,18,10.00,630.00,"6,300.00",2024-03-17
390,HRL,2024031705000667,46,57,80.00,630.00,"50,400.00",2024-03-17
391,HRL,2024031705000668,46,58,10.00,630.00,"6,300.00",2024-03-17
392,HRL,2024031705000672,46,21,10.00,630.00,"6,300.00",2024-03-17
393,HRL,2024031705000673,46,21,10.00,630.00,"6,300.00",2024-03-17
394,HRL,2024031705000674,28,58,10.00,630.50,"6,305.00",2024-03-17
395,HRL,2024031705000675,28,42,10.00,631.00,"6,310.00",2024-03-17
396,HRL,2024031705000676,28,57,10.00,631.00,"6,310.00",2024-03-17
397,HRL,2024031705000677,28,42,10.00,631.00,"6,310.00",2024-03-17
398,HRL,2024031705000683,28,39,10.00,631.00,"6,310.00",2024-03-17
399,HRL,2024031705000688,13,58,10.00,632.00,"6,320.00",2024-03-17
400,HRL,2024031705000689,13,55,10.00,632.00,"6,320.00",2024-03-17
401,HRL,2024031705000690,13,49,10.00,632.00,"6,320.00",2024-03-17
402,HRL,2024031705000691,13,4,10.00,632.00,"6,320.00",2024-03-17
403,HRL,2024031705000692,13,35,10.00,632.80,"6,328.00",2024-03-17
404,HRL,2024031705000693,13,6,20.00,632.90,"12,658.00",2024-03-17
405,HRL,2024031705000694,13,58,10.00,633.00,"6,330.00",2024-03-17
406,HRL,2024031705000695,13,50,20.00,633.00,"12,660.00",2024-03-17
407,HRL,2024031705000696,13,28,10.00,633.00,"6,330.00",2024-03-17
408,HRL,2024031705000697,13,69,290.00,633.00,"183,570.00",2024-03-17
409,HRL,2024031705000698,28,82,50.00,631.00,"31,550.00",2024-03-17
410,HRL,2024031705000699,58,82,40.00,631.00,"25,240.00",2024-03-17
411,HRL,2024031705000704,36,82,50.00,631.00,"31,550.00",2024-03-17
412,HRL,2024031705000705,59,58,10.00,630.10,"6,301.00",2024-03-17
413,HRL,2024031705000706,59,35,10.00,630.10,"6,301.00",2024-03-17
414,HRL,2024031705000707,59,10,20.00,630.10,"12,602.00",2024-03-17
415,HRL,2024031705000712,59,26,20.00,630.10,"12,602.00",2024-03-17
416,HRL,2024031705000713,59,22,10.00,630.10,"6,301.00",2024-03-17
417,HRL,2024031705000715,59,4,10.00,630.10,"6,301.00",2024-03-17
418,HRL,2024031705000716,39,42,50.00,631.00,"31,550.00",2024-03-17
419,HRL,2024031705000717,59,47,10.00,630.10,"6,301.00",2024-03-17
420,HRL,2024031705000719,59,39,410.00,630.10,"258,341.00",2024-03-17
421,HRL,2024031705000720,46,39,60.00,630.00,"37,800.00",2024-03-17
422,HRL,2024031705000721,53,39,360.00,630.00,"226,800.00",2024-03-17
423,HRL,2024031705000722,53,82,640.00,630.00,"403,200.00",2024-03-17
424,HRL,2024031705000723,66,82,500.00,630.00,"315,000.00",2024-03-17
425,HRL,2024031705000728,50,47,10.00,629.00,"6,290.00",2024-03-17
426,HRL,2024031705000730,50,26,20.00,629.00,"12,580.00",2024-03-17
427,HRL,2024031705000732,50,21,10.00,629.00,"6,290.00",2024-03-17
428,HRL,2024031705000733,50,47,10.00,629.00,"6,290.00",2024-03-17
429,HRL,2024031705000734,50,39,10.00,629.00,"6,290.00",2024-03-17
430,HRL,2024031705000735,50,8,20.00,629.00,"12,580.00",2024-03-17
431,HRL,2024031705000736,50,55,10.00,629.00,"6,290.00",2024-03-17
432,HRL,2024031705000737,50,26,10.00,629.00,"6,290.00",2024-03-17
433,HRL,2024031705000738,45,26,10.00,629.00,"6,290.00",2024-03-17
434,HRL,2024031705000743,45,26,190.00,629.00,"119,510.00",2024-03-17
435,HRL,2024031705000744,58,26,15.00,629.00,"9,435.00",2024-03-17
436,HRL,2024031705000745,3,1,20.00,628.80,"12,576.00",2024-03-17
437,HRL,2024031705000746,3,21,10.00,628.80,"6,288.00",2024-03-17
438,HRL,2024031705000747,3,10,20.00,628.80,"12,576.00",2024-03-17
439,HRL,2024031705000748,3,49,10.00,628.80,"6,288.00",2024-03-17
440,HRL,2024031705000750,3,5,290.00,628.80,"182,352.00",2024-03-17
441,HRL,2024031705000752,3,21,10.00,628.80,"6,288.00",2024-03-17
442,HRL,2024031705000753,3,49,20.00,628.80,"12,576.00",2024-03-17
443,HRL,2024031705000754,3,56,10.00,628.80,"6,288.00",2024-03-17
444,HRL,2024031705000755,3,10,20.00,628.80,"12,576.00",2024-03-17
445,HRL,2024031705000756,3,58,10.00,628.80,"6,288.00",2024-03-17
446,HRL,2024031705000757,3,58,10.00,628.80,"6,288.00",2024-03-17
447,HRL,2024031705000758,3,21,10.00,628.80,"6,288.00",2024-03-17
448,HRL,2024031705000759,3,88,10.00,628.80,"6,288.00",2024-03-17
449,HRL,2024031705000760,58,26,10.00,629.00,"6,290.00",2024-03-17
450,HRL,2024031705000761,3,34,10.00,628.80,"6,288.00",2024-03-17
451,HRL,2024031705000762,3,21,10.00,628.80,"6,288.00",2024-03-17
452,HRL,2024031705000763,3,10,20.00,628.80,"12,576.00",2024-03-17
453,HRL,2024031705000764,3,34,10.00,628.80,"6,288.00",2024-03-17
454,HRL,2024031705000765,57,21,10.00,628.60,"6,286.00",2024-03-17
455,HRL,2024031705000766,57,57,10.00,628.60,"6,286.00",2024-03-17
456,HRL,2024031705000771,57,28,20.00,628.60,"12,572.00",2024-03-17
457,HRL,2024031705000774,57,10,20.00,628.60,"12,572.00",2024-03-17
458,HRL,2024031705000775,32,21,10.00,628.90,"6,289.00",2024-03-17
459,HRL,2024031705000776,57,7,30.00,628.60,"18,858.00",2024-03-17
460,HRL,2024031705000777,39,21,32.00,628.90,"20,124.80",2024-03-17
461,HRL,2024031705000778,39,26,18.00,629.00,"11,322.00",2024-03-17
462,HRL,2024031705000781,57,16,10.00,628.60,"6,286.00",2024-03-17
463,HRL,2024031705000783,58,25,10.00,628.90,"6,289.00",2024-03-17
464,HRL,2024031705000788,58,49,12.00,628.90,"7,546.80",2024-03-17
465,HRL,2024031705000789,57,49,18.00,628.60,"11,314.80",2024-03-17
466,HRL,2024031705000791,57,21,10.00,628.60,"6,286.00",2024-03-17
467,HRL,2024031705000792,57,33,10.00,628.60,"6,286.00",2024-03-17
468,HRL,2024031705000794,57,21,10.00,628.60,"6,286.00",2024-03-17
469,HRL,2024031705000795,42,26,10.00,629.00,"6,290.00",2024-03-17
470,HRL,2024031705000797,57,58,10.00,628.60,"6,286.00",2024-03-17
471,HRL,2024031705000799,7,26,30.00,629.00,"18,870.00",2024-03-17
472,HRL,2024031705000800,57,33,10.00,628.60,"6,286.00",2024-03-17
473,HRL,2024031705000803,57,21,10.00,628.60,"6,286.00",2024-03-17
474,HRL,2024031705000810,3,10,15.00,628.70,"9,430.50",2024-03-17
475,HRL,2024031705000811,57,67,22.00,628.60,"13,829.20",2024-03-17
476,HRL,2024031705000812,1,67,200.00,628.60,"125,720.00",2024-03-17
477,HRL,2024031705000813,58,67,50.00,628.50,"31,425.00",2024-03-17
478,HRL,2024031705000814,65,67,450.00,628.40,"282,780.00",2024-03-17
479,HRL,2024031705000815,33,67,100.00,628.40,"62,840.00",2024-03-17
480,HRL,2024031705000816,21,67,175.00,628.30,"109,952.50",2024-03-17
481,HRL,2024031705000819,38,21,10.00,628.20,"6,282.00",2024-03-17
482,HRL,2024031705000820,38,1,10.00,628.20,"6,282.00",2024-03-17
483,HRL,2024031705000821,38,58,20.00,628.20,"12,564.00",2024-03-17
484,HRL,2024031705000825,76,59,10.00,628.30,"6,283.00",2024-03-17
485,HRL,2024031705000826,76,21,10.00,628.30,"6,283.00",2024-03-17
486,HRL,2024031705000836,76,14,20.00,628.30,"12,566.00",2024-03-17
487,HRL,2024031705000837,6,58,10.00,628.60,"6,286.00",2024-03-17
488,HRL,2024031705000838,59,1,20.00,628.90,"12,578.00",2024-03-17
489,HRL,2024031705000840,76,26,50.00,629.00,"31,450.00",2024-03-17
490,HRL,2024031705000843,59,55,10.00,628.90,"6,289.00",2024-03-17
491,HRL,2024031705000844,76,49,10.00,628.30,"6,283.00",2024-03-17
492,HRL,2024031705000845,38,49,10.00,628.20,"6,282.00",2024-03-17
493,HRL,2024031705000847,58,35,10.00,628.10,"6,281.00",2024-03-17
494,HRL,2024031705000848,58,6,20.00,628.10,"12,562.00",2024-03-17
495,HRL,2024031705000849,58,49,10.00,628.10,"6,281.00",2024-03-17
496,HRL,2024031705000850,58,38,20.00,628.10,"12,562.00",2024-03-17
497,HRL,2024031705000853,58,5,30.00,628.10,"18,843.00",2024-03-17
498,HRL,2024031705000854,57,5,250.00,628.00,"157,000.00",2024-03-17
499,HRL,2024031705000855,65,5,400.00,628.00,"251,200.00",2024-03-17
500,HRL,2024031705000856,26,5,20.00,628.00,"12,560.00",2024-03-17
501,HRL,2024031705000857,34,5,40.00,628.00,"25,120.00",2024-03-17
502,HRL,2024031705000858,42,5,50.00,628.00,"31,400.00",2024-03-17
503,HRL,2024031705000859,22,5,10.00,627.00,"6,270.00",2024-03-17
504,HRL,2024031705000860,17,5,190.00,627.00,"119,130.00",2024-03-17
505,HRL,2024031705000862,59,49,10.00,628.30,"6,283.00",2024-03-17
506,HRL,2024031705000863,59,49,10.00,628.30,"6,283.00",2024-03-17
507,HRL,2024031705000864,34,29,20.00,628.00,"12,560.00",2024-03-17
508,HRL,2024031705000865,34,58,10.00,628.00,"6,280.00",2024-03-17
509,HRL,2024031705000866,34,57,10.00,628.00,"6,280.00",2024-03-17
510,HRL,2024031705000867,59,58,10.00,628.10,"6,281.00",2024-03-17
511,HRL,2024031705000868,59,7,10.00,628.10,"6,281.00",2024-03-17
512,HRL,2024031705000869,34,58,10.00,628.00,"6,280.00",2024-03-17
513,HRL,2024031705000870,34,5,10.00,628.00,"6,280.00",2024-03-17
514,HRL,2024031705000873,34,19,10.00,628.00,"6,280.00",2024-03-17
515,HRL,2024031705000875,34,45,10.00,628.00,"6,280.00",2024-03-17
516,HRL,2024031705000876,34,58,10.00,628.00,"6,280.00",2024-03-17
517,HRL,2024031705000877,34,55,20.00,628.00,"12,560.00",2024-03-17
518,HRL,2024031705000880,17,14,10.00,627.00,"6,270.00",2024-03-17
519,HRL,2024031705000883,48,21,255.00,627.00,"159,885.00",2024-03-17
520,HRL,2024031705000886,48,57,10.00,627.00,"6,270.00",2024-03-17
521,HRL,2024031705000894,6,35,30.00,628.00,"18,840.00",2024-03-17
522,HRL,2024031705000900,6,28,10.00,628.00,"6,280.00",2024-03-17
523,HRL,2024031705000901,6,11,10.00,628.00,"6,280.00",2024-03-17
524,HRL,2024031705000902,48,49,20.00,627.00,"12,540.00",2024-03-17
525,HRL,2024031705000903,48,57,10.00,627.00,"6,270.00",2024-03-17
526,HRL,2024031705000904,58,29,20.00,627.00,"12,540.00",2024-03-17
527,HRL,2024031705000905,33,4,10.00,627.10,"6,271.00",2024-03-17
528,HRL,2024031705000907,58,58,10.00,627.00,"6,270.00",2024-03-17
529,HRL,2024031705000909,58,10,10.00,627.00,"6,270.00",2024-03-17
530,HRL,2024031705000910,58,41,10.00,627.00,"6,270.00",2024-03-17
531,HRL,2024031705000914,58,41,40.00,627.00,"25,080.00",2024-03-17
532,HRL,2024031705000915,58,58,10.00,627.00,"6,270.00",2024-03-17
533,HRL,2024031705000917,4,11,20.00,628.00,"12,560.00",2024-03-17
534,HRL,2024031705000918,4,54,10.00,628.00,"6,280.00",2024-03-17
535,HRL,2024031705000919,4,57,10.00,628.00,"6,280.00",2024-03-17
536,HRL,2024031705000920,4,58,20.00,628.00,"12,560.00",2024-03-17
537,HRL,2024031705000921,4,58,30.00,628.00,"18,840.00",2024-03-17
538,HRL,2024031705000922,4,45,10.00,628.00,"6,280.00",2024-03-17
539,HRL,2024031705000923,4,58,20.00,628.10,"12,562.00",2024-03-17
540,HRL,2024031705000924,4,42,470.00,628.10,"295,207.00",2024-03-17
541,HRL,2024031705000925,58,55,10.00,627.00,"6,270.00",2024-03-17
542,HRL,2024031705000928,33,58,10.00,627.10,"6,271.00",2024-03-17
543,HRL,2024031705000931,33,58,20.00,627.10,"12,542.00",2024-03-17
544,HRL,2024031705000933,35,42,10.00,628.10,"6,281.00",2024-03-17
545,HRL,2024031705000934,33,35,10.00,627.10,"6,271.00",2024-03-17
546,HRL,2024031705000936,33,7,10.00,627.10,"6,271.00",2024-03-17
547,HRL,2024031705000937,6,49,10.00,628.00,"6,280.00",2024-03-17
548,HRL,2024031705000941,33,58,10.00,627.10,"6,271.00",2024-03-17
549,HRL,2024031705000942,33,38,10.00,627.10,"6,271.00",2024-03-17
550,HRL,2024031705000948,33,42,10.00,627.10,"6,271.00",2024-03-17
551,HRL,2024031705000950,16,42,10.00,627.20,"6,272.00",2024-03-17
552,HRL,2024031705000951,16,58,10.00,627.20,"6,272.00",2024-03-17
553,HRL,2024031705000952,16,13,10.00,627.20,"6,272.00",2024-03-17
554,HRL,2024031705000954,16,57,10.00,627.20,"6,272.00",2024-03-17
555,HRL,2024031705000955,16,57,10.00,627.20,"6,272.00",2024-03-17
556,HRL,2024031705000956,33,56,10.00,627.10,"6,271.00",2024-03-17
557,HRL,2024031705000960,33,56,10.00,627.10,"6,271.00",2024-03-17
558,HRL,2024031705000962,33,32,20.00,627.10,"12,542.00",2024-03-17
559,HRL,2024031705000965,33,49,20.00,627.10,"12,542.00",2024-03-17
560,HRL,2024031705000968,33,1,30.00,627.10,"18,813.00",2024-03-17
561,HRL,2024031705000969,6,57,10.00,627.20,"6,272.00",2024-03-17
562,HRL,2024031705000970,33,32,10.00,627.10,"6,271.00",2024-03-17
563,HRL,2024031705000971,33,55,10.00,627.10,"6,271.00",2024-03-17
564,HRL,2024031705000973,33,58,10.00,627.10,"6,271.00",2024-03-17
565,HRL,2024031705000974,57,58,10.00,627.10,"6,271.00",2024-03-17
566,HRL,2024031705000975,57,45,10.00,627.10,"6,271.00",2024-03-17
567,HRL,2024031705000981,44,53,10.00,627.20,"6,272.00",2024-03-17
568,HRL,2024031705000984,58,39,20.00,627.20,"12,544.00",2024-03-17
569,HRL,2024031705000986,58,34,10.00,627.20,"6,272.00",2024-03-17
570,HRL,2024031705000988,58,56,10.00,627.20,"6,272.00",2024-03-17
571,HRL,2024031705000989,58,38,10.00,627.20,"6,272.00",2024-03-17
572,HRL,2024031705000990,58,58,10.00,627.20,"6,272.00",2024-03-17
573,HRL,2024031705000991,58,41,19.00,627.20,"11,916.80",2024-03-17
574,HRL,2024031705000995,57,39,20.00,627.10,"12,542.00",2024-03-17
575,HRL,2024031705000996,58,41,11.00,627.20,"6,899.20",2024-03-17
576,HRL,2024031705000997,58,48,10.00,627.20,"6,272.00",2024-03-17
577,HRL,2024031705000998,58,58,10.00,627.50,"6,275.00",2024-03-17
578,HRL,2024031705000999,58,34,20.00,628.00,"12,560.00",2024-03-17
579,HRL,2024031705001000,58,58,10.00,628.00,"6,280.00",2024-03-17
580,HRL,2024031705001001,58,59,10.00,628.00,"6,280.00",2024-03-17
581,HRL,2024031705001002,57,55,10.00,627.10,"6,271.00",2024-03-17
582,HRL,2024031705001004,57,42,10.00,627.10,"6,271.00",2024-03-17
583,HRL,2024031705001005,57,49,20.00,627.10,"12,542.00",2024-03-17
584,HRL,2024031705001006,57,58,20.00,627.10,"12,542.00",2024-03-17
585,HRL,2024031705001007,57,38,10.00,627.10,"6,271.00",2024-03-17
586,HRL,2024031705001008,57,22,10.00,627.10,"6,271.00",2024-03-17
587,HRL,2024031705001014,57,22,10.00,627.10,"6,271.00",2024-03-17
588,HRL,2024031705001015,57,25,10.00,627.10,"6,271.00",2024-03-17
589,HRL,2024031705001016,57,36,10.00,627.10,"6,271.00",2024-03-17
590,HRL,2024031705001018,57,38,10.00,627.10,"6,271.00",2024-03-17
591,HRL,2024031705001019,57,32,10.00,627.10,"6,271.00",2024-03-17
592,HRL,2024031705001021,57,22,10.00,627.10,"6,271.00",2024-03-17
593,HRL,2024031705001022,57,36,10.00,627.10,"6,271.00",2024-03-17
594,HRL,2024031705001028,57,58,10.00,627.10,"6,271.00",2024-03-17
595,HRL,2024031705001029,44,58,10.00,627.10,"6,271.00",2024-03-17
596,HRL,2024031705001033,44,16,40.00,627.10,"25,084.00",2024-03-17
597,HRL,2024031705001034,59,16,200.00,627.10,"125,420.00",2024-03-17
598,HRL,2024031705001035,58,16,140.00,627.00,"87,780.00",2024-03-17
599,HRL,2024031705001036,34,16,50.00,627.00,"31,350.00",2024-03-17
600,HRL,2024031705001037,25,16,25.00,627.00,"15,675.00",2024-03-17
601,HRL,2024031705001038,58,16,10.00,627.00,"6,270.00",2024-03-17
602,HRL,2024031705001039,58,16,35.00,627.00,"21,945.00",2024-03-17
603,HRL,2024031705001040,58,41,20.00,627.00,"12,540.00",2024-03-17
604,HRL,2024031705001045,58,22,15.00,627.00,"9,405.00",2024-03-17
605,HRL,2024031705001047,22,7,10.00,627.00,"6,270.00",2024-03-17
606,HRL,2024031705001052,1,58,20.00,627.10,"12,542.00",2024-03-17
607,HRL,2024031705001055,1,52,20.00,627.10,"12,542.00",2024-03-17
608,HRL,2024031705001056,1,34,10.00,627.10,"6,271.00",2024-03-17
609,HRL,2024031705001060,6,35,10.00,627.20,"6,272.00",2024-03-17
610,HRL,2024031705001062,1,34,10.00,627.10,"6,271.00",2024-03-17
611,HRL,2024031705001063,48,4,10.00,628.00,"6,280.00",2024-03-17
612,HRL,2024031705001064,48,41,10.00,628.00,"6,280.00",2024-03-17
613,HRL,2024031705001065,48,34,10.00,628.00,"6,280.00",2024-03-17
614,HRL,2024031705001066,48,58,20.00,628.00,"12,560.00",2024-03-17
615,HRL,2024031705001067,48,45,30.00,628.00,"18,840.00",2024-03-17
616,HRL,2024031705001068,1,35,20.00,627.10,"12,542.00",2024-03-17
617,HRL,2024031705001069,7,58,10.00,628.00,"6,280.00",2024-03-17
618,HRL,2024031705001070,7,42,20.00,628.10,"12,562.00",2024-03-17
619,HRL,2024031705001071,7,45,10.00,628.10,"6,281.00",2024-03-17
620,HRL,2024031705001072,7,58,10.00,628.30,"6,283.00",2024-03-17
621,HRL,2024031705001073,7,26,10.00,628.30,"6,283.00",2024-03-17
622,HRL,2024031705001074,7,52,105.00,628.50,"65,992.50",2024-03-17
623,HRL,2024031705001075,7,55,10.00,628.90,"6,289.00",2024-03-17
624,HRL,2024031705001076,7,58,10.00,628.90,"6,289.00",2024-03-17
625,HRL,2024031705001077,7,26,75.00,629.00,"47,175.00",2024-03-17
626,HRL,2024031705001078,1,58,20.00,627.10,"12,542.00",2024-03-17
627,HRL,2024031705001079,22,50,10.00,627.00,"6,270.00",2024-03-17
628,HRL,2024031705001080,22,22,20.00,627.00,"12,540.00",2024-03-17
629,HRL,2024031705001081,22,22,10.00,627.00,"6,270.00",2024-03-17
630,HRL,2024031705001083,22,4,10.00,627.00,"6,270.00",2024-03-17
631,HRL,2024031705001085,22,59,20.00,627.00,"12,540.00",2024-03-17
632,HRL,2024031705001087,1,34,10.00,627.10,"6,271.00",2024-03-17
633,HRL,2024031705001088,1,38,10.00,627.10,"6,271.00",2024-03-17
634,HRL,2024031705001092,1,42,10.00,627.10,"6,271.00",2024-03-17
635,HRL,2024031705001093,1,49,10.00,627.10,"6,271.00",2024-03-17
636,HRL,2024031705001097,1,45,10.00,627.10,"6,271.00",2024-03-17
637,HRL,2024031705001098,1,58,20.00,627.10,"12,542.00",2024-03-17
638,HRL,2024031705001100,53,47,10.00,627.20,"6,272.00",2024-03-17
639,HRL,2024031705001105,53,45,10.00,627.20,"6,272.00",2024-03-17
640,HRL,2024031705001106,53,53,20.00,627.20,"12,544.00",2024-03-17
641,HRL,2024031705001107,53,75,30.00,627.20,"18,816.00",2024-03-17
642,HRL,2024031705001108,53,17,10.00,627.20,"6,272.00",2024-03-17
643,HRL,2024031705001111,53,45,10.00,627.20,"6,272.00",2024-03-17
644,HRL,2024031705001112,53,58,20.00,627.20,"12,544.00",2024-03-17
645,HRL,2024031705001115,47,38,10.00,628.00,"6,280.00",2024-03-17
646,HRL,2024031705001120,1,17,10.00,627.30,"6,273.00",2024-03-17
647,HRL,2024031705001123,1,45,10.00,627.30,"6,273.00",2024-03-17
648,HRL,2024031705001124,1,14,10.00,627.30,"6,273.00",2024-03-17
649,HRL,2024031705001128,1,55,20.00,627.30,"12,546.00",2024-03-17
650,HRL,2024031705001129,17,38,20.00,628.00,"12,560.00",2024-03-17
651,HRL,2024031705001130,17,58,10.00,628.00,"6,280.00",2024-03-17
652,HRL,2024031705001131,17,47,10.00,628.00,"6,280.00",2024-03-17
653,HRL,2024031705001132,17,42,10.00,628.00,"6,280.00",2024-03-17
654,HRL,2024031705001133,17,38,10.00,628.00,"6,280.00",2024-03-17
655,HRL,2024031705001134,17,56,10.00,628.00,"6,280.00",2024-03-17
656,HRL,2024031705001135,17,58,20.00,628.00,"12,560.00",2024-03-17
657,HRL,2024031705001136,17,58,20.00,628.00,"12,560.00",2024-03-17
658,HRL,2024031705001137,17,52,10.00,628.00,"6,280.00",2024-03-17
659,HRL,2024031705001138,17,45,10.00,628.00,"6,280.00",2024-03-17
660,HRL,2024031705001143,17,58,10.00,628.00,"6,280.00",2024-03-17
661,HRL,2024031705001146,17,39,270.00,628.00,"169,560.00",2024-03-17
662,HRL,2024031705001149,17,17,10.00,628.00,"6,280.00",2024-03-17
663,HRL,2024031705001150,17,58,10.00,628.00,"6,280.00",2024-03-17
664,HRL,2024031705001153,17,49,10.00,628.00,"6,280.00",2024-03-17
665,HRL,2024031705001159,17,34,30.00,628.00,"18,840.00",2024-03-17
666,HRL,2024031705001162,17,21,10.00,628.00,"6,280.00",2024-03-17
667,HRL,2024031705001164,17,38,10.00,628.00,"6,280.00",2024-03-17
668,HRL,2024031705001166,17,35,10.00,628.00,"6,280.00",2024-03-17
669,HRL,2024031705001167,57,35,20.00,628.00,"12,560.00",2024-03-17
670,HRL,2024031705001168,17,21,10.00,627.30,"6,273.00",2024-03-17
671,HRL,2024031705001171,17,21,10.00,627.30,"6,273.00",2024-03-17
672,HRL,2024031705001177,17,7,10.00,627.30,"6,273.00",2024-03-17
673,HRL,2024031705001179,17,48,10.00,627.30,"6,273.00",2024-03-17
674,HRL,2024031705001182,17,58,20.00,627.30,"12,546.00",2024-03-17
675,HRL,2024031705001186,56,38,16.00,627.40,"10,038.40",2024-03-17
676,HRL,2024031705001187,17,38,440.00,627.30,"276,012.00",2024-03-17
677,HRL,2024031705001188,42,38,30.00,627.30,"18,819.00",2024-03-17
678,HRL,2024031705001189,53,56,10.00,627.20,"6,272.00",2024-03-17
679,HRL,2024031705001190,57,38,14.00,627.30,"8,782.20",2024-03-17
680,HRL,2024031705001191,57,36,10.00,627.30,"6,273.00",2024-03-17
681,HRL,2024031705001203,57,17,10.00,627.30,"6,273.00",2024-03-17
682,HRL,2024031705001204,21,49,10.00,627.50,"6,275.00",2024-03-17
683,HRL,2024031705001205,21,45,10.00,627.50,"6,275.00",2024-03-17
684,HRL,2024031705001208,21,47,10.00,627.50,"6,275.00",2024-03-17
685,HRL,2024031705001209,21,57,20.00,627.50,"12,550.00",2024-03-17
686,HRL,2024031705001210,21,37,10.00,627.50,"6,275.00",2024-03-17
687,HRL,2024031705001211,21,36,10.00,627.50,"6,275.00",2024-03-17
688,HRL,2024031705001213,58,17,10.00,628.00,"6,280.00",2024-03-17
689,HRL,2024031705001214,21,38,10.00,627.50,"6,275.00",2024-03-17
690,HRL,2024031705001218,21,26,20.00,627.50,"12,550.00",2024-03-17
691,HRL,2024031705001219,57,26,366.00,627.30,"229,591.80",2024-03-17
692,HRL,2024031705001220,1,26,14.00,627.30,"8,782.20",2024-03-17
693,HRL,2024031705001222,1,34,10.00,627.30,"6,273.00",2024-03-17
694,HRL,2024031705001223,1,22,10.00,627.30,"6,273.00",2024-03-17
695,HRL,2024031705001226,1,45,10.00,627.30,"6,273.00",2024-03-17
696,HRL,2024031705001230,1,34,20.00,627.30,"12,546.00",2024-03-17
697,HRL,2024031705001233,1,53,20.00,627.30,"12,546.00",2024-03-17
698,HRL,2024031705001237,4,52,10.00,627.50,"6,275.00",2024-03-17
699,HRL,2024031705001238,1,51,20.00,627.30,"12,546.00",2024-03-17
700,HRL,2024031705001239,1,34,10.00,627.30,"6,273.00",2024-03-17
701,HRL,2024031705001240,1,42,10.00,627.30,"6,273.00",2024-03-17
702,HRL,2024031705001241,1,7,20.00,627.30,"12,546.00",2024-03-17
703,HRL,2024031705001245,1,55,10.00,627.30,"6,273.00",2024-03-17
704,HRL,2024031705001246,1,26,10.00,627.30,"6,273.00",2024-03-17
705,HRL,2024031705001248,1,35,10.00,627.30,"6,273.00",2024-03-17
706,HRL,2024031705001249,1,58,20.00,627.30,"12,546.00",2024-03-17
707,HRL,2024031705001252,53,14,830.00,627.20,"520,576.00",2024-03-17
708,HRL,2024031705001254,48,14,30.00,627.20,"18,816.00",2024-03-17
709,HRL,2024031705001255,22,14,420.00,627.00,"263,340.00",2024-03-17
710,HRL,2024031705001256,36,14,30.00,627.00,"18,810.00",2024-03-17
711,HRL,2024031705001257,17,14,500.00,627.00,"313,500.00",2024-03-17
712,HRL,2024031705001261,43,14,190.00,627.00,"119,130.00",2024-03-17
713,HRL,2024031705001262,43,44,10.00,627.00,"6,270.00",2024-03-17
714,HRL,2024031705001264,43,57,30.00,627.20,"18,816.00",2024-03-17
715,HRL,2024031705001265,43,58,20.00,627.20,"12,544.00",2024-03-17
716,HRL,2024031705001269,43,22,20.00,627.20,"12,544.00",2024-03-17
717,HRL,2024031705001273,43,49,20.00,627.20,"12,544.00",2024-03-17
718,HRL,2024031705001274,43,49,210.00,627.20,"131,712.00",2024-03-17
719,HRL,2024031705001275,38,49,20.00,627.10,"12,542.00",2024-03-17
720,HRL,2024031705001279,32,45,10.00,626.70,"6,267.00",2024-03-17
721,HRL,2024031705001282,1,39,20.00,626.70,"12,534.00",2024-03-17
722,HRL,2024031705001283,1,49,270.00,627.00,"169,290.00",2024-03-17
723,HRL,2024031705001284,1,56,10.00,627.00,"6,270.00",2024-03-17
724,HRL,2024031705001285,1,51,10.00,627.00,"6,270.00",2024-03-17
725,HRL,2024031705001286,1,49,10.00,627.00,"6,270.00",2024-03-17
726,HRL,2024031705001291,1,58,10.00,626.70,"6,267.00",2024-03-17
727,HRL,2024031705001293,1,42,20.00,626.70,"12,534.00",2024-03-17
728,HRL,2024031705001294,1,8,10.00,626.70,"6,267.00",2024-03-17
729,HRL,2024031705001295,58,49,70.00,627.00,"43,890.00",2024-03-17
730,HRL,2024031705001296,1,16,40.00,626.70,"25,068.00",2024-03-17
731,HRL,2024031705001298,25,14,10.00,626.70,"6,267.00",2024-03-17
732,HRL,2024031705001299,25,14,490.00,626.70,"307,083.00",2024-03-17
733,HRL,2024031705001300,66,14,100.00,626.60,"62,660.00",2024-03-17
734,HRL,2024031705001301,34,14,100.00,626.50,"62,650.00",2024-03-17
735,HRL,2024031705001302,33,14,100.00,626.50,"62,650.00",2024-03-17
736,HRL,2024031705001303,36,14,300.00,626.30,"187,890.00",2024-03-17
737,HRL,2024031705001304,57,14,90.00,626.10,"56,349.00",2024-03-17
738,HRL,2024031705001305,14,14,100.00,626.10,"62,610.00",2024-03-17
739,HRL,2024031705001306,5,14,300.00,626.00,"187,800.00",2024-03-17
740,HRL,2024031705001307,13,14,40.00,626.00,"25,040.00",2024-03-17
741,HRL,2024031705001308,8,14,150.00,626.00,"93,900.00",2024-03-17
742,HRL,2024031705001309,38,14,50.00,626.00,"31,300.00",2024-03-17
743,HRL,2024031705001310,22,14,100.00,626.00,"62,600.00",2024-03-17
744,HRL,2024031705001311,65,14,500.00,626.00,"313,000.00",2024-03-17
745,HRL,2024031705001312,17,14,30.00,626.00,"18,780.00",2024-03-17
746,HRL,2024031705001314,19,22,20.00,625.20,"12,504.00",2024-03-17
747,HRL,2024031705001318,19,56,10.00,625.20,"6,252.00",2024-03-17
748,HRL,2024031705001319,19,48,20.00,625.20,"12,504.00",2024-03-17
749,HRL,2024031705001322,52,1,10.00,625.30,"6,253.00",2024-03-17
750,HRL,2024031705001323,1,14,200.00,626.00,"125,200.00",2024-03-17
751,HRL,2024031705001324,52,37,10.00,625.30,"6,253.00",2024-03-17
752,HRL,2024031705001325,52,42,10.00,625.30,"6,253.00",2024-03-17
753,HRL,2024031705001328,1,14,300.00,626.00,"187,800.00",2024-03-17
754,HRL,2024031705001329,52,42,10.00,625.30,"6,253.00",2024-03-17
755,HRL,2024031705001330,1,14,15.00,626.00,"9,390.00",2024-03-17
756,HRL,2024031705001331,76,14,35.00,626.00,"21,910.00",2024-03-17
757,HRL,2024031705001332,76,58,10.00,626.00,"6,260.00",2024-03-17
758,HRL,2024031705001333,48,14,10.00,625.40,"6,254.00",2024-03-17
759,HRL,2024031705001335,48,58,10.00,625.40,"6,254.00",2024-03-17
760,HRL,2024031705001338,1,49,30.00,626.00,"18,780.00",2024-03-17
761,HRL,2024031705001339,1,8,20.00,626.00,"12,520.00",2024-03-17
762,HRL,2024031705001342,1,14,50.00,626.00,"31,300.00",2024-03-17
763,HRL,2024031705001348,1,60,10.00,625.90,"6,259.00",2024-03-17
764,HRL,2024031705001349,1,14,490.00,626.00,"306,740.00",2024-03-17
765,HRL,2024031705001350,57,52,20.00,625.50,"12,510.00",2024-03-17
766,HRL,2024031705001353,57,4,10.00,625.50,"6,255.00",2024-03-17
767,HRL,2024031705001354,1,14,460.00,626.00,"287,960.00",2024-03-17
768,HRL,2024031705001355,1,42,20.00,626.00,"12,520.00",2024-03-17
769,HRL,2024031705001356,1,49,20.00,626.00,"12,520.00",2024-03-17
770,HRL,2024031705001363,57,49,100.00,625.50,"62,550.00",2024-03-17
771,HRL,2024031705001364,57,56,20.00,625.50,"12,510.00",2024-03-17
772,HRL,2024031705001365,57,29,20.00,625.50,"12,510.00",2024-03-17
773,HRL,2024031705001366,1,49,80.00,626.00,"50,080.00",2024-03-17
774,HRL,2024031705001367,1,58,10.00,626.00,"6,260.00",2024-03-17
775,HRL,2024031705001368,1,54,10.00,626.00,"6,260.00",2024-03-17
776,HRL,2024031705001369,57,48,10.00,625.50,"6,255.00",2024-03-17
777,HRL,2024031705001376,57,55,10.00,625.50,"6,255.00",2024-03-17
778,HRL,2024031705001377,57,38,10.00,625.50,"6,255.00",2024-03-17
779,HRL,2024031705001381,1,22,20.00,625.50,"12,510.00",2024-03-17
780,HRL,2024031705001383,1,34,30.00,625.50,"18,765.00",2024-03-17
781,HRL,2024031705001387,1,34,10.00,625.50,"6,255.00",2024-03-17
782,HRL,2024031705001390,45,26,100.00,625.90,"62,590.00",2024-03-17
783,HRL,2024031705001391,1,4,10.00,625.50,"6,255.00",2024-03-17
784,HRL,2024031705001396,1,41,10.00,625.50,"6,255.00",2024-03-17
785,HRL,2024031705001398,1,58,20.00,625.50,"12,510.00",2024-03-17
786,HRL,2024031705001399,33,58,100.00,625.50,"62,550.00",2024-03-17
787,HRL,2024031705001400,19,49,30.00,625.50,"18,765.00",2024-03-17
788,HRL,2024031705001401,19,26,20.00,625.90,"12,518.00",2024-03-17
789,HRL,2024031705001403,66,49,10.00,625.40,"6,254.00",2024-03-17
790,HRL,2024031705001404,66,4,10.00,625.40,"6,254.00",2024-03-17
791,HRL,2024031705001405,76,22,20.00,625.50,"12,510.00",2024-03-17
792,HRL,2024031705001408,76,16,10.00,625.50,"6,255.00",2024-03-17
793,HRL,2024031705001409,76,44,10.00,625.50,"6,255.00",2024-03-17
794,HRL,2024031705001411,76,59,10.00,625.50,"6,255.00",2024-03-17
795,HRL,2024031705001414,66,4,10.00,625.40,"6,254.00",2024-03-17
796,HRL,2024031705001415,66,7,20.00,625.40,"12,508.00",2024-03-17
797,HRL,2024031705001419,66,38,20.00,625.40,"12,508.00",2024-03-17
798,HRL,2024031705001420,66,22,20.00,625.40,"12,508.00",2024-03-17
799,HRL,2024031705001421,66,34,10.00,625.40,"6,254.00",2024-03-17
800,HRL,2024031705001422,1,34,10.00,625.40,"6,254.00",2024-03-17
801,HRL,2024031705001423,1,59,10.00,625.40,"6,254.00",2024-03-17
802,HRL,2024031705001424,45,14,10.00,625.50,"6,255.00",2024-03-17
803,HRL,2024031705001425,45,52,20.00,625.60,"12,512.00",2024-03-17
804,HRL,2024031705001426,45,58,20.00,625.60,"12,512.00",2024-03-17
805,HRL,2024031705001430,21,42,10.00,625.50,"6,255.00",2024-03-17
806,HRL,2024031705001431,1,14,80.00,625.40,"50,032.00",2024-03-17
807,HRL,2024031705001432,52,14,160.00,625.30,"100,048.00",2024-03-17
808,HRL,2024031705001433,41,14,50.00,625.30,"31,265.00",2024-03-17
809,HRL,2024031705001434,57,14,500.00,625.30,"312,650.00",2024-03-17
810,HRL,2024031705001435,19,14,120.00,625.20,"75,024.00",2024-03-17
811,HRL,2024031705001436,56,14,760.00,625.10,"475,076.00",2024-03-17
812,HRL,2024031705001437,42,14,20.00,625.10,"12,502.00",2024-03-17
813,HRL,2024031705001438,50,14,150.00,625.00,"93,750.00",2024-03-17
814,HRL,2024031705001439,58,14,14.00,625.00,"8,750.00",2024-03-17
815,HRL,2024031705001440,70,14,160.00,625.00,"100,000.00",2024-03-17
816,HRL,2024031705001441,17,14,100.00,625.00,"62,500.00",2024-03-17
817,HRL,2024031705001442,42,14,40.00,625.00,"25,000.00",2024-03-17
818,HRL,2024031705001443,17,14,50.00,625.00,"31,250.00",2024-03-17
819,HRL,2024031705001444,48,14,122.00,625.00,"76,250.00",2024-03-17
820,HRL,2024031705001445,57,14,10.00,625.00,"6,250.00",2024-03-17
821,HRL,2024031705001446,36,14,50.00,625.00,"31,250.00",2024-03-17
822,HRL,2024031705001447,58,14,80.00,625.00,"50,000.00",2024-03-17
823,HRL,2024031705001448,22,14,81.00,625.00,"50,625.00",2024-03-17
824,HRL,2024031705001449,57,14,50.00,625.00,"31,250.00",2024-03-17
825,HRL,2024031705001450,1,14,10.00,625.00,"6,250.00",2024-03-17
826,HRL,2024031705001451,48,14,20.00,625.00,"12,500.00",2024-03-17
827,HRL,2024031705001452,1,14,185.00,625.00,"115,625.00",2024-03-17
828,HRL,2024031705001453,38,14,50.00,625.00,"31,250.00",2024-03-17
829,HRL,2024031705001454,59,14,50.00,625.00,"31,250.00",2024-03-17
830,HRL,2024031705001455,42,14,50.00,625.00,"31,250.00",2024-03-17
831,HRL,2024031705001457,1,59,10.00,624.20,"6,242.00",2024-03-17
832,HRL,2024031705001461,1,59,10.00,624.20,"6,242.00",2024-03-17
833,HRL,2024031705001464,6,14,10.00,625.00,"6,250.00",2024-03-17
834,HRL,2024031705001465,1,14,20.00,624.20,"12,484.00",2024-03-17
835,HRL,2024031705001467,1,94,60.00,624.20,"37,452.00",2024-03-17
836,HRL,2024031705001471,32,94,20.00,624.20,"12,484.00",2024-03-17
837,HRL,2024031705001472,18,49,10.00,624.10,"6,241.00",2024-03-17
838,HRL,2024031705001473,36,49,20.00,624.10,"12,482.00",2024-03-17
839,HRL,2024031705001474,41,44,10.00,624.20,"6,242.00",2024-03-17
840,HRL,2024031705001475,41,57,10.00,624.20,"6,242.00",2024-03-17
841,HRL,2024031705001476,41,94,130.00,624.30,"81,159.00",2024-03-17
842,HRL,2024031705001477,36,94,370.00,624.10,"230,917.00",2024-03-17
843,HRL,2024031705001478,36,38,20.00,624.10,"12,482.00",2024-03-17
844,HRL,2024031705001480,36,45,10.00,624.10,"6,241.00",2024-03-17
845,HRL,2024031705001483,36,58,10.00,624.10,"6,241.00",2024-03-17
846,HRL,2024031705001485,36,34,70.00,624.10,"43,687.00",2024-03-17
847,HRL,2024031705001486,4,34,30.00,624.00,"18,720.00",2024-03-17
848,HRL,2024031705001487,61,6,20.00,624.10,"12,482.00",2024-03-17
849,HRL,2024031705001495,44,14,28.00,625.00,"17,500.00",2024-03-17
850,HRL,2024031705001496,44,28,22.00,625.00,"13,750.00",2024-03-17
851,HRL,2024031705001497,32,28,8.00,625.00,"5,000.00",2024-03-17
852,HRL,2024031705001498,52,14,10.00,624.20,"6,242.00",2024-03-17
853,HRL,2024031705001503,6,58,10.00,625.00,"6,250.00",2024-03-17
854,HRL,2024031705001505,32,14,10.00,625.00,"6,250.00",2024-03-17
855,HRL,2024031705001506,32,47,20.00,625.00,"12,500.00",2024-03-17
856,HRL,2024031705001507,32,6,20.00,625.00,"12,500.00",2024-03-17
857,HRL,2024031705001508,57,58,85.00,625.50,"53,167.50",2024-03-17
858,HRL,2024031705001510,32,29,18.00,625.00,"11,250.00",2024-03-17
859,HRL,2024031705001511,61,29,480.00,624.30,"299,664.00",2024-03-17
860,HRL,2024031705001512,57,58,10.00,624.30,"6,243.00",2024-03-17
861,HRL,2024031705001514,76,6,20.00,624.40,"12,488.00",2024-03-17
862,HRL,2024031705001518,76,26,10.00,624.40,"6,244.00",2024-03-17
863,HRL,2024031705001519,3,48,10.00,624.50,"6,245.00",2024-03-17
864,HRL,2024031705001520,3,16,20.00,624.50,"12,490.00",2024-03-17
865,HRL,2024031705001521,3,35,10.00,624.50,"6,245.00",2024-03-17
866,HRL,2024031705001523,3,34,30.00,624.50,"18,735.00",2024-03-17
867,HRL,2024031705001524,3,38,40.00,624.50,"24,980.00",2024-03-17
868,HRL,2024031705001525,49,58,10.00,625.00,"6,250.00",2024-03-17
869,HRL,2024031705001527,16,44,10.00,624.60,"6,246.00",2024-03-17
870,HRL,2024031705001529,16,58,10.00,624.60,"6,246.00",2024-03-17
871,HRL,2024031705001531,4,6,30.00,625.00,"18,750.00",2024-03-17
872,HRL,2024031705001533,4,6,20.00,625.00,"12,500.00",2024-03-17
873,HRL,2024031705001534,4,34,20.00,625.00,"12,500.00",2024-03-17
874,HRL,2024031705001535,25,45,10.00,625.00,"6,250.00",2024-03-17
875,HRL,2024031705001536,25,4,10.00,625.00,"6,250.00",2024-03-17
876,HRL,2024031705001544,57,38,10.00,625.00,"6,250.00",2024-03-17
877,HRL,2024031705001550,57,51,20.00,625.00,"12,500.00",2024-03-17
878,HRL,2024031705001552,57,86,120.00,625.00,"75,000.00",2024-03-17
879,HRL,2024031705001553,55,86,10.00,625.00,"6,250.00",2024-03-17
880,HRL,2024031705001554,40,86,300.00,625.00,"187,500.00",2024-03-17
881,HRL,2024031705001555,50,86,70.00,625.00,"43,750.00",2024-03-17
882,HRL,2024031705001557,50,46,20.00,625.00,"12,500.00",2024-03-17
883,HRL,2024031705001560,50,42,10.00,625.00,"6,250.00",2024-03-17
884,HRL,2024031705001561,48,58,15.00,625.50,"9,382.50",2024-03-17
885,HRL,2024031705001562,48,16,20.00,625.50,"12,510.00",2024-03-17
886,HRL,2024031705001563,48,75,10.00,625.50,"6,255.00",2024-03-17
887,HRL,2024031705001564,48,38,10.00,625.50,"6,255.00",2024-03-17
888,HRL,2024031705001565,48,39,10.00,625.50,"6,255.00",2024-03-17
889,HRL,2024031705001566,48,44,10.00,625.50,"6,255.00",2024-03-17
890,HRL,2024031705001568,48,34,20.00,625.50,"12,510.00",2024-03-17
891,HRL,2024031705001570,48,34,10.00,625.50,"6,255.00",2024-03-17
892,HRL,2024031705001574,76,34,10.00,625.60,"6,256.00",2024-03-17
893,HRL,2024031705001575,63,26,30.00,625.90,"18,777.00",2024-03-17
894,HRL,2024031705001578,76,45,10.00,625.60,"6,256.00",2024-03-17
895,HRL,2024031705001582,35,26,50.00,625.90,"31,295.00",2024-03-17
896,HRL,2024031705001588,7,10,10.00,626.00,"6,260.00",2024-03-17
897,HRL,2024031705001589,7,58,10.00,626.00,"6,260.00",2024-03-17
898,HRL,2024031705001590,7,44,10.00,626.00,"6,260.00",2024-03-17
899,HRL,2024031705001591,7,57,20.00,626.00,"12,520.00",2024-03-17
900,HRL,2024031705001592,7,42,20.00,626.00,"12,520.00",2024-03-17
901,HRL,2024031705001593,7,38,10.00,626.00,"6,260.00",2024-03-17
902,HRL,2024031705001594,7,45,10.00,626.00,"6,260.00",2024-03-17
903,HRL,2024031705001595,7,38,10.00,626.00,"6,260.00",2024-03-17
904,HRL,2024031705001596,7,57,10.00,626.00,"6,260.00",2024-03-17
905,HRL,2024031705001597,7,49,10.00,626.00,"6,260.00",2024-03-17
906,HRL,2024031705001598,35,51,20.00,626.00,"12,520.00",2024-03-17
907,HRL,2024031705001599,35,42,10.00,626.00,"6,260.00",2024-03-17
908,HRL,2024031705001603,35,45,20.00,626.00,"12,520.00",2024-03-17
909,HRL,2024031705001605,35,11,10.00,626.00,"6,260.00",2024-03-17
910,HRL,2024031705001606,35,45,10.00,626.00,"6,260.00",2024-03-17
911,HRL,2024031705001607,35,29,20.00,626.00,"12,520.00",2024-03-17
912,HRL,2024031705001608,35,49,10.00,626.00,"6,260.00",2024-03-17
913,HRL,2024031705001609,35,46,20.00,626.00,"12,520.00",2024-03-17
914,HRL,2024031705001612,35,11,10.00,626.00,"6,260.00",2024-03-17
915,HRL,2024031705001614,35,45,10.00,626.00,"6,260.00",2024-03-17
916,HRL,2024031705001615,35,50,10.00,626.00,"6,260.00",2024-03-17
917,HRL,2024031705001616,39,55,10.00,626.00,"6,260.00",2024-03-17
918,HRL,2024031705001618,39,13,90.00,626.00,"56,340.00",2024-03-17
919,HRL,2024031705001619,28,13,200.00,626.00,"125,200.00",2024-03-17
920,HRL,2024031705001620,76,38,10.00,625.60,"6,256.00",2024-03-17
921,HRL,2024031705001621,76,94,70.00,625.60,"43,792.00",2024-03-17
922,HRL,2024031705001622,57,94,480.00,625.60,"300,288.00",2024-03-17
923,HRL,2024031705001624,57,45,10.00,625.60,"6,256.00",2024-03-17
924,HRL,2024031705001625,48,51,10.00,625.50,"6,255.00",2024-03-17
925,HRL,2024031705001629,48,44,20.00,625.50,"12,510.00",2024-03-17
926,HRL,2024031705001630,16,58,10.00,625.60,"6,256.00",2024-03-17
927,HRL,2024031705001632,48,51,20.00,625.50,"12,510.00",2024-03-17
928,HRL,2024031705001634,48,35,150.00,625.50,"93,825.00",2024-03-17
929,HRL,2024031705001635,48,58,100.00,625.50,"62,550.00",2024-03-17
930,HRL,2024031705001636,48,71,10.00,625.50,"6,255.00",2024-03-17
931,HRL,2024031705001643,48,35,10.00,625.50,"6,255.00",2024-03-17
932,HRL,2024031705001646,48,45,10.00,625.50,"6,255.00",2024-03-17
933,HRL,2024031705001647,48,45,10.00,625.50,"6,255.00",2024-03-17
934,HRL,2024031705001648,48,56,10.00,625.50,"6,255.00",2024-03-17
935,HRL,2024031705001649,48,59,10.00,625.50,"6,255.00",2024-03-17
936,HRL,2024031705001654,48,56,10.00,625.50,"6,255.00",2024-03-17
937,HRL,2024031705001655,48,58,20.00,625.50,"12,510.00",2024-03-17
938,HRL,2024031705001658,7,45,100.00,625.10,"62,510.00",2024-03-17
939,HRL,2024031705001659,29,45,100.00,625.00,"62,500.00",2024-03-17
940,HRL,2024031705001664,29,42,20.00,625.00,"12,500.00",2024-03-17
941,HRL,2024031705001666,29,13,380.00,625.00,"237,500.00",2024-03-17
942,HRL,2024031705001667,42,13,20.00,625.00,"12,500.00",2024-03-17
943,HRL,2024031705001668,34,13,100.00,625.00,"62,500.00",2024-03-17
944,HRL,2024031705001670,34,58,10.00,625.00,"6,250.00",2024-03-17
945,HRL,2024031705001673,34,34,10.00,625.00,"6,250.00",2024-03-17
946,HRL,2024031705001674,34,58,10.00,625.00,"6,250.00",2024-03-17
947,HRL,2024031705001676,34,59,70.00,625.00,"43,750.00",2024-03-17
948,HRL,2024031705001677,25,59,200.00,625.00,"125,000.00",2024-03-17
949,HRL,2024031705001678,6,59,16.00,625.00,"10,000.00",2024-03-17
950,HRL,2024031705001681,40,59,233.00,625.00,"145,625.00",2024-03-17
951,HRL,2024031705001683,58,11,20.00,624.70,"12,494.00",2024-03-17
952,HRL,2024031705001687,58,56,20.00,624.70,"12,494.00",2024-03-17
953,HRL,2024031705001688,58,49,10.00,624.70,"6,247.00",2024-03-17
954,HRL,2024031705001689,58,57,10.00,624.70,"6,247.00",2024-03-17
955,HRL,2024031705001690,58,13,10.00,624.70,"6,247.00",2024-03-17
956,HRL,2024031705001691,26,17,100.00,625.00,"62,500.00",2024-03-17
957,HRL,2024031705001693,58,49,10.00,624.70,"6,247.00",2024-03-17
958,HRL,2024031705001697,52,42,10.00,624.90,"6,249.00",2024-03-17
959,HRL,2024031705001698,52,58,10.00,624.90,"6,249.00",2024-03-17
960,HRL,2024031705001700,58,34,10.00,624.70,"6,247.00",2024-03-17
961,HRL,2024031705001701,58,26,10.00,624.70,"6,247.00",2024-03-17
962,HRL,2024031705001704,16,6,20.00,624.60,"12,492.00",2024-03-17
963,HRL,2024031705001705,42,59,300.00,625.00,"187,500.00",2024-03-17
964,HRL,2024031705001709,16,35,10.00,624.60,"6,246.00",2024-03-17
965,HRL,2024031705001715,39,58,10.00,624.70,"6,247.00",2024-03-17
966,HRL,2024031705001716,39,3,10.00,624.70,"6,247.00",2024-03-17
967,HRL,2024031705001719,16,38,10.00,624.60,"6,246.00",2024-03-17
968,HRL,2024031705001721,16,63,20.00,624.60,"12,492.00",2024-03-17
969,HRL,2024031705001724,16,34,10.00,624.60,"6,246.00",2024-03-17
970,HRL,2024031705001730,55,38,30.00,624.80,"18,744.00",2024-03-17
971,HRL,2024031705001731,55,59,200.00,625.00,"125,000.00",2024-03-17
972,HRL,2024031705001732,55,7,10.00,625.00,"6,250.00",2024-03-17
973,HRL,2024031705001733,55,41,10.00,625.00,"6,250.00",2024-03-17
974,HRL,2024031705001734,55,36,250.00,625.00,"156,250.00",2024-03-17
975,HRL,2024031705001737,55,36,500.00,625.00,"312,500.00",2024-03-17
976,HRL,2024031705001738,38,58,20.00,624.70,"12,494.00",2024-03-17
977,HRL,2024031705001739,55,36,250.00,625.00,"156,250.00",2024-03-17
978,HRL,2024031705001740,55,77,45.00,625.00,"28,125.00",2024-03-17
979,HRL,2024031705001741,55,18,10.00,625.00,"6,250.00",2024-03-17
980,HRL,2024031705001742,55,52,10.00,625.00,"6,250.00",2024-03-17
981,HRL,2024031705001743,55,10,10.00,625.00,"6,250.00",2024-03-17
982,HRL,2024031705001744,55,49,230.00,625.00,"143,750.00",2024-03-17
983,HRL,2024031705001745,55,57,20.00,625.00,"12,500.00",2024-03-17
984,HRL,2024031705001746,55,49,20.00,625.00,"12,500.00",2024-03-17
985,HRL,2024031705001748,53,18,10.00,625.00,"6,250.00",2024-03-17
986,HRL,2024031705001749,53,25,20.00,625.00,"12,500.00",2024-03-17
987,HRL,2024031705001750,53,35,10.00,625.00,"6,250.00",2024-03-17
988,HRL,2024031705001751,53,35,10.00,625.00,"6,250.00",2024-03-17
989,HRL,2024031705001752,53,49,10.00,625.00,"6,250.00",2024-03-17
990,HRL,2024031705001753,53,42,20.00,625.00,"12,500.00",2024-03-17
991,HRL,2024031705001754,53,16,20.00,625.00,"12,500.00",2024-03-17
992,HRL,2024031705001755,38,49,30.00,624.70,"18,741.00",2024-03-17
993,HRL,2024031705001756,16,49,10.00,624.60,"6,246.00",2024-03-17
994,HRL,2024031705001757,1,49,100.00,624.60,"62,460.00",2024-03-17
995,HRL,2024031705001758,3,49,90.00,624.50,"56,205.00",2024-03-17
996,HRL,2024031705001759,21,49,50.00,624.50,"31,225.00",2024-03-17
997,HRL,2024031705001760,28,49,200.00,624.50,"124,900.00",2024-03-17
998,HRL,2024031705001761,76,49,20.00,624.40,"12,488.00",2024-03-17
999,HRL,2024031705001762,34,49,20.00,624.40,"12,488.00",2024-03-17
1000,HRL,2024031705001763,66,49,100.00,624.40,"62,440.00",2024-03-17
1001,HRL,2024031705001764,52,49,30.00,624.10,"18,723.00",2024-03-17
1002,HRL,2024031705001765,1,49,100.00,624.10,"62,410.00",2024-03-17
1003,HRL,2024031705001766,59,49,50.00,624.00,"31,200.00",2024-03-17
1004,HRL,2024031705001767,45,49,20.00,624.00,"12,480.00",2024-03-17
1005,HRL,2024031705001768,50,49,347.00,624.00,"216,528.00",2024-03-17
1006,HRL,2024031705001769,34,49,100.00,624.00,"62,400.00",2024-03-17
1007,HRL,2024031705001770,32,49,433.00,624.00,"270,192.00",2024-03-17
1008,HRL,2024031705001771,50,58,10.00,625.00,"6,250.00",2024-03-17
1009,HRL,2024031705001772,50,3,10.00,625.00,"6,250.00",2024-03-17
1010,HRL,2024031705001773,50,71,20.00,625.00,"12,500.00",2024-03-17
1011,HRL,2024031705001775,50,26,10.00,625.00,"6,250.00",2024-03-17
1012,HRL,2024031705001777,50,51,10.00,625.00,"6,250.00",2024-03-17
1013,HRL,2024031705001781,50,49,420.00,625.00,"262,500.00",2024-03-17
1014,HRL,2024031705001782,32,49,60.00,624.00,"37,440.00",2024-03-17
1015,HRL,2024031705001785,6,38,10.00,624.10,"6,241.00",2024-03-17
1016,HRL,2024031705001786,6,36,10.00,624.10,"6,241.00",2024-03-17
1017,HRL,2024031705001788,6,38,10.00,624.10,"6,241.00",2024-03-17
1018,HRL,2024031705001789,42,4,10.00,625.00,"6,250.00",2024-03-17
1019,HRL,2024031705001798,54,25,20.00,625.00,"12,500.00",2024-03-17
1020,HRL,2024031705001799,54,58,10.00,625.00,"6,250.00",2024-03-17
1021,HRL,2024031705001800,54,49,10.00,625.00,"6,250.00",2024-03-17
1022,HRL,2024031705001801,54,58,10.00,625.00,"6,250.00",2024-03-17
1023,HRL,2024031705001802,54,6,20.00,625.00,"12,500.00",2024-03-17
1024,HRL,2024031705001803,54,26,10.00,625.00,"6,250.00",2024-03-17
1025,HRL,2024031705001804,54,21,20.00,625.40,"12,508.00",2024-03-17
1026,HRL,2024031705001805,54,57,10.00,625.40,"6,254.00",2024-03-17
1027,HRL,2024031705001806,54,4,10.00,625.40,"6,254.00",2024-03-17
1028,HRL,2024031705001807,54,16,45.00,625.40,"28,143.00",2024-03-17
1029,HRL,2024031705001808,42,50,10.00,625.00,"6,250.00",2024-03-17
1030,HRL,2024031705001809,42,6,20.00,625.00,"12,500.00",2024-03-17
1031,HRL,2024031705001810,42,16,155.00,625.40,"96,937.00",2024-03-17
1032,HRL,2024031705001811,42,58,10.00,625.60,"6,256.00",2024-03-17
1033,HRL,2024031705001817,39,42,10.00,625.90,"6,259.00",2024-03-17
1034,HRL,2024031705001818,39,58,10.00,625.90,"6,259.00",2024-03-17
1035,HRL,2024031705001819,39,42,10.00,625.90,"6,259.00",2024-03-17
1036,HRL,2024031705001820,34,49,20.00,625.00,"12,500.00",2024-03-17
1037,HRL,2024031705001821,34,58,10.00,625.00,"6,250.00",2024-03-17
1038,HRL,2024031705001823,34,33,40.00,625.00,"25,000.00",2024-03-17
1039,HRL,2024031705001824,34,53,10.00,625.00,"6,250.00",2024-03-17
1040,HRL,2024031705001825,34,58,10.00,625.00,"6,250.00",2024-03-17
1041,HRL,2024031705001827,6,21,10.00,625.10,"6,251.00",2024-03-17
1042,HRL,2024031705001833,6,26,10.00,625.10,"6,251.00",2024-03-17
1043,HRL,2024031705001834,50,49,10.00,625.90,"6,259.00",2024-03-17
1044,HRL,2024031705001835,50,13,310.00,626.00,"194,060.00",2024-03-17
1045,HRL,2024031705001836,50,35,20.00,626.00,"12,520.00",2024-03-17
1046,HRL,2024031705001837,50,49,10.00,626.00,"6,260.00",2024-03-17
1047,HRL,2024031705001838,50,65,10.00,626.00,"6,260.00",2024-03-17
1048,HRL,2024031705001839,50,7,20.00,626.00,"12,520.00",2024-03-17
1049,HRL,2024031705001840,50,35,20.00,626.00,"12,520.00",2024-03-17
1050,HRL,2024031705001841,50,35,10.00,626.00,"6,260.00",2024-03-17
1051,HRL,2024031705001842,50,43,10.00,626.00,"6,260.00",2024-03-17
1052,HRL,2024031705001843,50,39,30.00,626.00,"18,780.00",2024-03-17
1053,HRL,2024031705001847,50,55,10.00,626.00,"6,260.00",2024-03-17
1054,HRL,2024031705001848,50,63,20.00,626.00,"12,520.00",2024-03-17
1055,HRL,2024031705001849,50,49,10.00,626.00,"6,260.00",2024-03-17
1056,HRL,2024031705001851,50,48,10.00,626.00,"6,260.00",2024-03-17
1057,HRL,2024031705001856,6,55,20.00,625.10,"12,502.00",2024-03-17
1058,HRL,2024031705001862,6,55,20.00,625.10,"12,502.00",2024-03-17
1059,HRL,2024031705001863,36,25,10.00,625.20,"6,252.00",2024-03-17
1060,HRL,2024031705001865,36,58,10.00,625.20,"6,252.00",2024-03-17
1061,HRL,2024031705001866,36,22,30.00,625.20,"18,756.00",2024-03-17
1062,HRL,2024031705001869,4,48,10.00,626.00,"6,260.00",2024-03-17
1063,HRL,2024031705001870,36,22,30.00,625.20,"18,756.00",2024-03-17
1064,HRL,2024031705001872,7,49,10.00,625.90,"6,259.00",2024-03-17
1065,HRL,2024031705001873,7,48,80.00,626.00,"50,080.00",2024-03-17
1066,HRL,2024031705001874,7,45,10.00,626.00,"6,260.00",2024-03-17
1067,HRL,2024031705001875,7,58,10.00,626.00,"6,260.00",2024-03-17
1068,HRL,2024031705001876,7,13,490.00,626.40,"306,936.00",2024-03-17
1069,HRL,2024031705001877,36,55,20.00,625.20,"12,504.00",2024-03-17
1070,HRL,2024031705001880,36,1,400.00,625.20,"250,080.00",2024-03-17
1071,HRL,2024031705001881,1,1,20.00,625.20,"12,504.00",2024-03-17
1072,HRL,2024031705001882,56,13,10.00,626.40,"6,264.00",2024-03-17
1073,HRL,2024031705001883,56,51,10.00,626.50,"6,265.00",2024-03-17
1074,HRL,2024031705001884,56,55,10.00,626.50,"6,265.00",2024-03-17
1075,HRL,2024031705001885,56,59,10.00,626.50,"6,265.00",2024-03-17
1076,HRL,2024031705001886,56,48,20.00,626.50,"12,530.00",2024-03-17
1077,HRL,2024031705001887,56,35,10.00,626.50,"6,265.00",2024-03-17
1078,HRL,2024031705001889,56,34,10.00,626.50,"6,265.00",2024-03-17
1079,HRL,2024031705001891,56,56,20.00,626.50,"12,530.00",2024-03-17
1080,HRL,2024031705001893,56,38,10.00,626.50,"6,265.00",2024-03-17
1081,HRL,2024031705001894,56,57,40.00,626.50,"25,060.00",2024-03-17
1082,HRL,2024031705001895,56,35,20.00,626.50,"12,530.00",2024-03-17
1083,HRL,2024031705001900,21,49,10.00,626.90,"6,269.00",2024-03-17
1084,HRL,2024031705001901,21,57,90.00,626.90,"56,421.00",2024-03-17
1085,HRL,2024031705001902,7,6,30.00,626.60,"18,798.00",2024-03-17
1086,HRL,2024031705001904,7,45,10.00,626.60,"6,266.00",2024-03-17
1087,HRL,2024031705001910,57,57,70.00,626.90,"43,883.00",2024-03-17
1088,HRL,2024031705001911,7,42,10.00,626.60,"6,266.00",2024-03-17
1089,HRL,2024031705001912,56,42,40.00,626.50,"25,060.00",2024-03-17
1090,HRL,2024031705001913,1,38,10.00,626.60,"6,266.00",2024-03-17
1091,HRL,2024031705001914,1,56,10.00,627.00,"6,270.00",2024-03-17
1092,HRL,2024031705001915,1,42,20.00,627.00,"12,540.00",2024-03-17
1093,HRL,2024031705001916,1,8,10.00,627.00,"6,270.00",2024-03-17
1094,HRL,2024031705001917,1,33,10.00,627.00,"6,270.00",2024-03-17
1095,HRL,2024031705001918,1,35,10.00,627.00,"6,270.00",2024-03-17
1096,HRL,2024031705001919,1,42,10.00,627.00,"6,270.00",2024-03-17
1097,HRL,2024031705001920,1,32,10.00,627.00,"6,270.00",2024-03-17
1098,HRL,2024031705001921,1,57,10.00,627.00,"6,270.00",2024-03-17
1099,HRL,2024031705001922,1,55,10.00,627.00,"6,270.00",2024-03-17
1100,HRL,2024031705001923,1,77,30.00,627.00,"18,810.00",2024-03-17
1101,HRL,2024031705001924,1,55,360.00,627.00,"225,720.00",2024-03-17
1102,HRL,2024031705001925,56,45,30.00,626.50,"18,795.00",2024-03-17
1103,HRL,2024031705001927,1,55,500.00,627.00,"313,500.00",2024-03-17
1104,HRL,2024031705001928,29,55,100.00,627.00,"62,700.00",2024-03-17
1105,HRL,2024031705001931,56,56,10.00,626.50,"6,265.00",2024-03-17
1106,HRL,2024031705001934,47,55,37.00,627.00,"23,199.00",2024-03-17
1107,HRL,2024031705001935,56,56,20.00,626.50,"12,530.00",2024-03-17
1108,HRL,2024031705001937,56,26,10.00,626.50,"6,265.00",2024-03-17
1109,HRL,2024031705001938,25,21,10.00,627.00,"6,270.00",2024-03-17
1110,HRL,2024031705001939,25,42,100.00,627.00,"62,700.00",2024-03-17
1111,HRL,2024031705001940,25,57,20.00,627.00,"12,540.00",2024-03-17
1112,HRL,2024031705001941,25,49,10.00,627.00,"6,270.00",2024-03-17
1113,HRL,2024031705001942,25,32,50.00,627.00,"31,350.00",2024-03-17
1114,HRL,2024031705001943,25,35,20.00,627.00,"12,540.00",2024-03-17
1115,HRL,2024031705001944,56,45,20.00,626.50,"12,530.00",2024-03-17
1116,HRL,2024031705001945,1,44,10.00,626.60,"6,266.00",2024-03-17
1117,HRL,2024031705001949,1,34,20.00,626.60,"12,532.00",2024-03-17
1118,HRL,2024031705001958,76,58,30.00,626.70,"18,801.00",2024-03-17
1119,HRL,2024031705001960,76,34,20.00,626.70,"12,534.00",2024-03-17
1120,HRL,2024031705001964,66,46,10.00,627.00,"6,270.00",2024-03-17
1121,HRL,2024031705001965,25,58,20.00,627.50,"12,550.00",2024-03-17
1122,HRL,2024031705001966,25,57,10.00,627.50,"6,275.00",2024-03-17
1123,HRL,2024031705001967,56,49,10.00,627.90,"6,279.00",2024-03-17
1124,HRL,2024031705001968,56,16,200.00,627.90,"125,580.00",2024-03-17
1125,HRL,2024031705001969,56,42,10.00,628.00,"6,280.00",2024-03-17
1126,HRL,2024031705001970,56,51,10.00,628.00,"6,280.00",2024-03-17
1127,HRL,2024031705001971,56,7,10.00,628.00,"6,280.00",2024-03-17
1128,HRL,2024031705001974,35,57,10.00,628.00,"6,280.00",2024-03-17
1129,HRL,2024031705001975,50,1,10.00,628.00,"6,280.00",2024-03-17
1130,HRL,2024031705001976,50,42,20.00,628.00,"12,560.00",2024-03-17
1131,HRL,2024031705001977,50,40,20.00,628.00,"12,560.00",2024-03-17
1132,HRL,2024031705001978,50,57,10.00,628.00,"6,280.00",2024-03-17
1133,HRL,2024031705001979,50,81,10.00,628.00,"6,280.00",2024-03-17
1134,HRL,2024031705001980,50,35,20.00,628.00,"12,560.00",2024-03-17
1135,HRL,2024031705001981,50,77,10.00,628.00,"6,280.00",2024-03-17
1136,HRL,2024031705001982,50,49,10.00,628.00,"6,280.00",2024-03-17
1137,HRL,2024031705001983,50,57,10.00,628.00,"6,280.00",2024-03-17
1138,HRL,2024031705001984,50,55,730.00,628.00,"458,440.00",2024-03-17
1139,HRL,2024031705001998,25,48,10.00,627.50,"6,275.00",2024-03-17
1140,HRL,2024031705001999,25,58,20.00,627.50,"12,550.00",2024-03-17
1141,HRL,2024031705002000,25,58,100.00,627.50,"62,750.00",2024-03-17
1142,HRL,2024031705002001,25,56,20.00,627.50,"12,550.00",2024-03-17
1143,HRL,2024031705002002,6,55,129.00,628.00,"81,012.00",2024-03-17
1144,HRL,2024031705002003,25,42,10.00,627.50,"6,275.00",2024-03-17
1145,HRL,2024031705002007,25,42,10.00,627.50,"6,275.00",2024-03-17
1146,HRL,2024031705002010,25,32,10.00,627.50,"6,275.00",2024-03-17
1147,HRL,2024031705002011,25,43,20.00,627.50,"12,550.00",2024-03-17
1148,HRL,2024031705002014,45,49,30.00,627.10,"18,813.00",2024-03-17
1149,HRL,2024031705002019,45,58,20.00,627.10,"12,542.00",2024-03-17
1150,HRL,2024031705002023,45,40,10.00,627.10,"6,271.00",2024-03-17
1151,HRL,2024031705002024,45,38,10.00,627.10,"6,271.00",2024-03-17
1152,HRL,2024031705002025,45,58,10.00,627.10,"6,271.00",2024-03-17
1153,HRL,2024031705002034,45,1,170.00,627.10,"106,607.00",2024-03-17
1154,HRL,2024031705002035,66,1,170.00,627.00,"106,590.00",2024-03-17
1155,HRL,2024031705002036,76,58,20.00,626.70,"12,534.00",2024-03-17
1156,HRL,2024031705002037,17,58,10.00,627.50,"6,275.00",2024-03-17
1157,HRL,2024031705002038,17,32,10.00,627.90,"6,279.00",2024-03-17
1158,HRL,2024031705002039,17,55,30.00,628.00,"18,840.00",2024-03-17
1159,HRL,2024031705002040,76,34,10.00,626.70,"6,267.00",2024-03-17
1160,HRL,2024031705002041,51,14,20.00,627.00,"12,540.00",2024-03-17
1161,HRL,2024031705002042,76,14,10.00,626.70,"6,267.00",2024-03-17
1162,HRL,2024031705002045,76,38,10.00,626.70,"6,267.00",2024-03-17
1163,HRL,2024031705002047,14,56,20.00,627.00,"12,540.00",2024-03-17
1164,HRL,2024031705002052,14,47,10.00,627.00,"6,270.00",2024-03-17
1165,HRL,2024031705002054,1,4,20.00,626.70,"12,534.00",2024-03-17
1166,HRL,2024031705002056,17,6,10.00,627.50,"6,275.00",2024-03-17
1167,HRL,2024031705002057,17,37,10.00,627.50,"6,275.00",2024-03-17
1168,HRL,2024031705002058,17,55,10.00,628.00,"6,280.00",2024-03-17
1169,HRL,2024031705002059,1,4,20.00,626.70,"12,534.00",2024-03-17
1170,HRL,2024031705002060,1,32,30.00,626.70,"18,801.00",2024-03-17
1171,HRL,2024031705002065,56,49,10.00,627.00,"6,270.00",2024-03-17
1172,HRL,2024031705002068,1,55,101.00,628.00,"63,428.00",2024-03-17
1173,HRL,2024031705002069,1,35,20.00,628.00,"12,560.00",2024-03-17
1174,HRL,2024031705002070,1,58,20.00,628.00,"12,560.00",2024-03-17
1175,HRL,2024031705002071,1,22,20.00,628.00,"12,560.00",2024-03-17
1176,HRL,2024031705002072,1,51,10.00,628.00,"6,280.00",2024-03-17
1177,HRL,2024031705002073,1,19,329.00,628.00,"206,612.00",2024-03-17
1178,HRL,2024031705002074,56,46,10.00,627.00,"6,270.00",2024-03-17
1179,HRL,2024031705002076,56,43,20.00,627.00,"12,540.00",2024-03-17
1180,HRL,2024031705002078,1,56,20.00,627.10,"12,542.00",2024-03-17
1181,HRL,2024031705002079,21,34,10.00,627.20,"6,272.00",2024-03-17
1182,HRL,2024031705002082,1,19,181.00,628.00,"113,668.00",2024-03-17
1183,HRL,2024031705002083,1,57,10.00,628.00,"6,280.00",2024-03-17
1184,HRL,2024031705002084,21,55,10.00,627.20,"6,272.00",2024-03-17
1185,HRL,2024031705002090,21,22,10.00,627.20,"6,272.00",2024-03-17
1186,HRL,2024031705002092,1,42,10.00,627.30,"6,273.00",2024-03-17
1187,HRL,2024031705002094,43,40,10.00,628.00,"6,280.00",2024-03-17
1188,HRL,2024031705002095,43,58,10.00,628.00,"6,280.00",2024-03-17
1189,HRL,2024031705002100,43,58,10.00,628.00,"6,280.00",2024-03-17
1190,HRL,2024031705002103,43,32,10.00,628.00,"6,280.00",2024-03-17
1191,HRL,2024031705002104,43,17,10.00,628.00,"6,280.00",2024-03-17
1192,HRL,2024031705002105,43,43,20.00,628.00,"12,560.00",2024-03-17
1193,HRL,2024031705002107,66,37,10.00,628.10,"6,281.00",2024-03-17
1194,HRL,2024031705002108,1,58,20.00,628.50,"12,570.00",2024-03-17
1195,HRL,2024031705002109,1,3,20.00,628.50,"12,570.00",2024-03-17
1196,HRL,2024031705002110,1,70,430.00,628.50,"270,255.00",2024-03-17
1197,HRL,2024031705002111,66,70,290.00,628.10,"182,149.00",2024-03-17
1198,HRL,2024031705002112,43,70,210.00,628.00,"131,880.00",2024-03-17
1199,HRL,2024031705002117,43,49,20.00,628.00,"12,560.00",2024-03-17
1200,HRL,2024031705002119,43,53,75.00,628.00,"47,100.00",2024-03-17
1201,HRL,2024031705002120,56,70,35.00,628.50,"21,997.50",2024-03-17
1202,HRL,2024031705002121,1,45,10.00,628.10,"6,281.00",2024-03-17
1203,HRL,2024031705002124,1,76,50.00,628.10,"31,405.00",2024-03-17
1204,HRL,2024031705002125,43,76,20.00,628.00,"12,560.00",2024-03-17
1205,HRL,2024031705002128,43,44,40.00,628.00,"25,120.00",2024-03-17
1206,HRL,2024031705002129,32,6,10.00,628.10,"6,281.00",2024-03-17
1207,HRL,2024031705002131,1,32,10.00,628.10,"6,281.00",2024-03-17
1208,HRL,2024031705002132,1,58,10.00,628.10,"6,281.00",2024-03-17
1209,HRL,2024031705002136,1,94,80.00,628.10,"50,248.00",2024-03-17
1210,HRL,2024031705002137,43,94,65.00,628.00,"40,820.00",2024-03-17
1211,HRL,2024031705002138,50,94,160.00,628.00,"100,480.00",2024-03-17
1212,HRL,2024031705002139,50,29,10.00,628.00,"6,280.00",2024-03-17
1213,HRL,2024031705002141,59,70,35.00,628.50,"21,997.50",2024-03-17
1214,HRL,2024031705002142,59,57,10.00,628.50,"6,285.00",2024-03-17
1215,HRL,2024031705002145,50,47,10.00,628.00,"6,280.00",2024-03-17
1216,HRL,2024031705002146,50,25,20.00,628.00,"12,560.00",2024-03-17
1217,HRL,2024031705002151,13,34,20.00,627.20,"12,544.00",2024-03-17
1218,HRL,2024031705002157,13,57,10.00,627.20,"6,272.00",2024-03-17
1219,HRL,2024031705002158,76,57,10.00,627.10,"6,271.00",2024-03-17
1220,HRL,2024031705002160,76,29,10.00,627.10,"6,271.00",2024-03-17
1221,HRL,2024031705002161,76,42,10.00,627.10,"6,271.00",2024-03-17
1222,HRL,2024031705002162,45,58,10.00,628.00,"6,280.00",2024-03-17
1223,HRL,2024031705002163,76,6,10.00,627.10,"6,271.00",2024-03-17
1224,HRL,2024031705002164,76,49,10.00,627.10,"6,271.00",2024-03-17
1225,HRL,2024031705002165,1,37,10.00,627.10,"6,271.00",2024-03-17
1226,HRL,2024031705002166,1,70,90.00,627.10,"56,439.00",2024-03-17
1227,HRL,2024031705002167,56,70,160.00,627.00,"100,320.00",2024-03-17
1228,HRL,2024031705002168,43,70,250.00,627.00,"156,750.00",2024-03-17
1229,HRL,2024031705002169,45,51,20.00,628.00,"12,560.00",2024-03-17
1230,HRL,2024031705002171,43,4,10.00,627.00,"6,270.00",2024-03-17
1231,HRL,2024031705002172,43,43,10.00,627.00,"6,270.00",2024-03-17
1232,HRL,2024031705002176,43,29,20.00,627.00,"12,540.00",2024-03-17
1233,HRL,2024031705002177,70,51,10.00,628.00,"6,280.00",2024-03-17
1234,HRL,2024031705002178,70,56,10.00,628.00,"6,280.00",2024-03-17
1235,HRL,2024031705002179,70,26,200.00,628.00,"125,600.00",2024-03-17
1236,HRL,2024031705002180,70,38,980.00,628.00,"615,440.00",2024-03-17
1237,HRL,2024031705002181,4,38,10.00,628.00,"6,280.00",2024-03-17
1238,HRL,2024031705002188,45,38,10.00,628.00,"6,280.00",2024-03-17
1239,HRL,2024031705002189,45,49,20.00,628.00,"12,560.00",2024-03-17
1240,HRL,2024031705002190,45,4,10.00,628.00,"6,280.00",2024-03-17
1241,HRL,2024031705002192,45,36,10.00,628.00,"6,280.00",2024-03-17
1242,HRL,2024031705002193,56,36,10.00,627.10,"6,271.00",2024-03-17
1243,HRL,2024031705002195,56,42,10.00,627.10,"6,271.00",2024-03-17
1244,HRL,2024031705002196,56,38,20.00,627.10,"12,542.00",2024-03-17
1245,HRL,2024031705002197,56,8,20.00,627.10,"12,542.00",2024-03-17
1246,HRL,2024031705002205,56,57,10.00,627.10,"6,271.00",2024-03-17
1247,HRL,2024031705002208,56,52,10.00,627.10,"6,271.00",2024-03-17
1248,HRL,2024031705002209,56,38,10.00,627.10,"6,271.00",2024-03-17
1249,HRL,2024031705002210,56,58,60.00,627.10,"37,626.00",2024-03-17
1250,HRL,2024031705002211,56,39,50.00,627.10,"31,355.00",2024-03-17
1251,HRL,2024031705002212,43,39,150.00,627.00,"94,050.00",2024-03-17
1252,HRL,2024031705002216,43,26,10.00,627.00,"6,270.00",2024-03-17
1253,HRL,2024031705002217,43,53,10.00,627.00,"6,270.00",2024-03-17
1254,HRL,2024031705002221,43,56,10.00,627.00,"6,270.00",2024-03-17
1255,HRL,2024031705002222,43,42,130.00,627.00,"81,510.00",2024-03-17
1256,HRL,2024031705002223,22,42,100.00,627.00,"62,700.00",2024-03-17
1257,HRL,2024031705002224,58,42,20.00,627.00,"12,540.00",2024-03-17
1258,HRL,2024031705002225,58,56,10.00,627.00,"6,270.00",2024-03-17
1259,HRL,2024031705002231,58,38,20.00,627.00,"12,540.00",2024-03-17
1260,HRL,2024031705002234,7,16,10.00,626.70,"6,267.00",2024-03-17
1261,HRL,2024031705002235,7,51,15.00,626.70,"9,400.50",2024-03-17
1262,HRL,2024031705002236,44,51,15.00,626.60,"9,399.00",2024-03-17
1263,HRL,2024031705002237,17,17,10.00,627.00,"6,270.00",2024-03-17
1264,HRL,2024031705002238,17,38,20.00,627.00,"12,540.00",2024-03-17
1265,HRL,2024031705002258,44,28,30.00,626.60,"18,798.00",2024-03-17
1266,HRL,2024031705002262,17,14,10.00,627.00,"6,270.00",2024-03-17
1267,HRL,2024031705002263,17,21,20.00,627.00,"12,540.00",2024-03-17
1268,HRL,2024031705002264,17,35,20.00,627.00,"12,540.00",2024-03-17
1269,HRL,2024031705002272,41,32,10.00,627.00,"6,270.00",2024-03-17
1270,HRL,2024031705002273,41,38,10.00,627.00,"6,270.00",2024-03-17
1271,HRL,2024031705002275,21,29,10.00,626.60,"6,266.00",2024-03-17
1272,HRL,2024031705002277,21,49,10.00,626.60,"6,266.00",2024-03-17
1273,HRL,2024031705002283,21,52,10.00,626.60,"6,266.00",2024-03-17
1274,HRL,2024031705002286,21,34,10.00,626.60,"6,266.00",2024-03-17
1275,HRL,2024031705002287,21,58,10.00,626.60,"6,266.00",2024-03-17
1276,HRL,2024031705002289,21,8,10.00,626.60,"6,266.00",2024-03-17
1277,HRL,2024031705002290,51,38,10.00,627.00,"6,270.00",2024-03-17
1278,HRL,2024031705002292,21,35,30.00,626.60,"18,798.00",2024-03-17
1279,HRL,2024031705002293,21,16,10.00,626.60,"6,266.00",2024-03-17
1280,HRL,2024031705002294,26,39,10.00,626.60,"6,266.00",2024-03-17
1281,HRL,2024031705002297,26,34,20.00,626.60,"12,532.00",2024-03-17
1282,HRL,2024031705002298,26,38,70.00,626.60,"43,862.00",2024-03-17
1283,HRL,2024031705002299,56,38,300.00,626.50,"187,950.00",2024-03-17
1284,HRL,2024031705002300,45,38,100.00,626.50,"62,650.00",2024-03-17
1285,HRL,2024031705002302,38,13,10.00,626.00,"6,260.00",2024-03-17
1286,HRL,2024031705002315,17,38,20.00,626.50,"12,530.00",2024-03-17
1287,HRL,2024031705002319,58,38,10.00,626.50,"6,265.00",2024-03-17
1288,HRL,2024031705002321,58,16,10.00,626.50,"6,265.00",2024-03-17
1289,HRL,2024031705002330,58,16,10.00,626.50,"6,265.00",2024-03-17
1290,HRL,2024031705002331,38,16,190.00,626.00,"118,940.00",2024-03-17
1291,HRL,2024031705002334,36,58,10.00,627.00,"6,270.00",2024-03-17
1292,HRL,2024031705002335,36,41,20.00,627.00,"12,540.00",2024-03-17
1293,HRL,2024031705002336,36,49,10.00,627.00,"6,270.00",2024-03-17
1294,HRL,2024031705002337,36,35,10.00,627.00,"6,270.00",2024-03-17
1295,HRL,2024031705002338,36,34,20.00,627.00,"12,540.00",2024-03-17
1296,HRL,2024031705002339,36,35,10.00,627.00,"6,270.00",2024-03-17
1297,HRL,2024031705002340,36,4,20.00,627.00,"12,540.00",2024-03-17
1298,HRL,2024031705002341,45,58,60.00,626.00,"37,560.00",2024-03-17
1299,HRL,2024031705002342,45,22,30.00,626.00,"18,780.00",2024-03-17
1300,HRL,2024031705002343,45,47,10.00,626.00,"6,260.00",2024-03-17
1301,HRL,2024031705002348,57,47,10.00,625.40,"6,254.00",2024-03-17
1302,HRL,2024031705002350,21,47,10.00,625.50,"6,255.00",2024-03-17
1303,HRL,2024031705002357,21,47,10.00,625.50,"6,255.00",2024-03-17
1304,HRL,2024031705002359,21,47,10.00,625.50,"6,255.00",2024-03-17
1305,HRL,2024031705002360,21,58,10.00,625.50,"6,255.00",2024-03-17
1306,HRL,2024031705002361,21,47,10.00,625.50,"6,255.00",2024-03-17
1307,HRL,2024031705002362,21,32,20.00,625.50,"12,510.00",2024-03-17
1308,HRL,2024031705002363,21,35,20.00,625.50,"12,510.00",2024-03-17
1309,HRL,2024031705002364,21,6,10.00,625.50,"6,255.00",2024-03-17
1310,HRL,2024031705002367,21,16,10.00,625.50,"6,255.00",2024-03-17
1311,HRL,2024031705002368,6,49,10.00,626.00,"6,260.00",2024-03-17
1312,HRL,2024031705002378,42,19,10.00,625.60,"6,256.00",2024-03-17
1313,HRL,2024031705002379,49,49,10.00,625.60,"6,256.00",2024-03-17
1314,HRL,2024031705002380,1,45,10.00,626.00,"6,260.00",2024-03-17
1315,HRL,2024031705002381,1,7,60.00,626.00,"37,560.00",2024-03-17
1316,HRL,2024031705002382,1,65,20.00,626.00,"12,520.00",2024-03-17
1317,HRL,2024031705002390,1,11,10.00,626.00,"6,260.00",2024-03-17
1318,HRL,2024031705002399,43,55,30.00,626.00,"18,780.00",2024-03-17
1319,HRL,2024031705002403,43,16,20.00,626.00,"12,520.00",2024-03-17
1320,HRL,2024031705002405,1,41,20.00,625.70,"12,514.00",2024-03-17
1321,HRL,2024031705002409,28,67,20.00,626.00,"12,520.00",2024-03-17
1322,HRL,2024031705002416,28,38,10.00,626.00,"6,260.00",2024-03-17
1323,HRL,2024031705002417,28,57,10.00,626.00,"6,260.00",2024-03-17
1324,HRL,2024031705002419,28,42,10.00,626.00,"6,260.00",2024-03-17
1325,HRL,2024031705002420,28,17,10.00,626.00,"6,260.00",2024-03-17
1326,HRL,2024031705002421,28,28,10.00,626.00,"6,260.00",2024-03-17
1327,HRL,2024031705002424,28,58,120.00,626.00,"75,120.00",2024-03-17
1328,HRL,2024031705002425,1,58,80.00,625.70,"50,056.00",2024-03-17
1329,HRL,2024031705002426,49,58,90.00,625.60,"56,304.00",2024-03-17
1330,HRL,2024031705002427,48,58,25.00,625.50,"15,637.50",2024-03-17
1331,HRL,2024031705002428,57,58,10.00,625.40,"6,254.00",2024-03-17
1332,HRL,2024031705002429,58,58,50.00,625.10,"31,255.00",2024-03-17
1333,HRL,2024031705002430,34,58,10.00,625.00,"6,250.00",2024-03-17
1334,HRL,2024031705002431,26,58,30.00,625.00,"18,750.00",2024-03-17
1335,HRL,2024031705002432,67,58,85.00,625.00,"53,125.00",2024-03-17
1336,HRL,2024031705002433,67,17,10.00,625.00,"6,250.00",2024-03-17
1337,HRL,2024031705002441,1,49,10.00,625.10,"6,251.00",2024-03-17
1338,HRL,2024031705002445,1,17,10.00,625.10,"6,251.00",2024-03-17
1339,HRL,2024031705002446,1,36,10.00,625.10,"6,251.00",2024-03-17
1340,HRL,2024031705002447,43,57,20.00,626.00,"12,520.00",2024-03-17
1341,HRL,2024031705002452,43,47,20.00,626.00,"12,520.00",2024-03-17
1342,HRL,2024031705002453,7,32,10.00,626.50,"6,265.00",2024-03-17
1343,HRL,2024031705002454,7,52,30.00,626.90,"18,807.00",2024-03-17
1344,HRL,2024031705002456,76,52,20.00,626.90,"12,538.00",2024-03-17
1345,HRL,2024031705002457,76,29,30.00,626.90,"18,807.00",2024-03-17
1346,HRL,2024031705002458,1,29,150.00,626.10,"93,915.00",2024-03-17
1347,HRL,2024031705002459,43,29,10.00,626.00,"6,260.00",2024-03-17
1348,HRL,2024031705002460,21,55,100.00,627.00,"62,700.00",2024-03-17
1349,HRL,2024031705002461,21,29,10.00,627.00,"6,270.00",2024-03-17
1350,HRL,2024031705002462,21,77,147.00,627.00,"92,169.00",2024-03-17
1351,HRL,2024031705002463,21,21,10.00,627.00,"6,270.00",2024-03-17
1352,HRL,2024031705002464,21,67,233.00,627.00,"146,091.00",2024-03-17
1353,HRL,2024031705002465,56,17,10.00,626.90,"6,269.00",2024-03-17
1354,HRL,2024031705002466,56,34,10.00,626.90,"6,269.00",2024-03-17
1355,HRL,2024031705002467,56,36,10.00,626.90,"6,269.00",2024-03-17
1356,HRL,2024031705002468,56,66,10.00,626.90,"6,269.00",2024-03-17
1357,HRL,2024031705002469,56,49,10.00,626.90,"6,269.00",2024-03-17
1358,HRL,2024031705002473,56,49,10.00,626.90,"6,269.00",2024-03-17
1359,HRL,2024031705002474,21,49,15.00,626.20,"9,393.00",2024-03-17
1360,HRL,2024031705002475,1,49,70.00,626.10,"43,827.00",2024-03-17
1361,HRL,2024031705002476,1,49,100.00,626.10,"62,610.00",2024-03-17
1362,HRL,2024031705002477,43,49,505.00,626.00,"316,130.00",2024-03-17
1363,HRL,2024031705002482,5,36,10.00,626.50,"6,265.00",2024-03-17
1364,HRL,2024031705002486,5,49,30.00,626.50,"18,795.00",2024-03-17
1365,HRL,2024031705002487,43,49,45.00,626.00,"28,170.00",2024-03-17
1366,HRL,2024031705002488,32,49,30.00,626.00,"18,780.00",2024-03-17
1367,HRL,2024031705002489,1,49,100.00,625.20,"62,520.00",2024-03-17
1368,HRL,2024031705002490,1,49,150.00,625.20,"93,780.00",2024-03-17
1369,HRL,2024031705002491,26,49,100.00,625.10,"62,510.00",2024-03-17
1370,HRL,2024031705002492,45,49,45.00,625.10,"28,129.50",2024-03-17
1371,HRL,2024031705002493,45,36,155.00,625.10,"96,890.50",2024-03-17
1372,HRL,2024031705002494,18,36,45.00,625.00,"28,125.00",2024-03-17
1373,HRL,2024031705002498,1,49,490.00,625.10,"306,299.00",2024-03-17
1374,HRL,2024031705002504,1,34,10.00,625.10,"6,251.00",2024-03-17
1375,HRL,2024031705002505,1,34,10.00,625.10,"6,251.00",2024-03-17
1376,HRL,2024031705002506,1,67,20.00,625.10,"12,502.00",2024-03-17
1377,HRL,2024031705002507,56,36,10.00,626.00,"6,260.00",2024-03-17
1378,HRL,2024031705002508,56,49,10.00,626.00,"6,260.00",2024-03-17
1379,HRL,2024031705002519,1,22,10.00,625.10,"6,251.00",2024-03-17
1380,HRL,2024031705002525,1,36,10.00,625.10,"6,251.00",2024-03-17
1381,HRL,2024031705002526,1,41,20.00,625.10,"12,502.00",2024-03-17
1382,HRL,2024031705002532,45,29,10.00,626.00,"6,260.00",2024-03-17
1383,HRL,2024031705002533,45,44,10.00,626.00,"6,260.00",2024-03-17
1384,HRL,2024031705002535,45,58,20.00,626.00,"12,520.00",2024-03-17
1385,HRL,2024031705002536,45,58,10.00,626.00,"6,260.00",2024-03-17
1386,HRL,2024031705002537,45,26,10.00,626.00,"6,260.00",2024-03-17
1387,HRL,2024031705002543,45,51,20.00,626.00,"12,520.00",2024-03-17
1388,HRL,2024031705002544,1,36,10.00,626.10,"6,261.00",2024-03-17
1389,HRL,2024031705002548,1,58,10.00,626.10,"6,261.00",2024-03-17
1390,HRL,2024031705002549,1,52,10.00,626.10,"6,261.00",2024-03-17
1391,HRL,2024031705002550,1,58,10.00,626.10,"6,261.00",2024-03-17
1392,HRL,2024031705002554,39,67,17.00,627.00,"10,659.00",2024-03-17
1393,HRL,2024031705002555,39,35,93.00,627.00,"58,311.00",2024-03-17
1394,HRL,2024031705002558,1,58,10.00,626.10,"6,261.00",2024-03-17
1395,HRL,2024031705002559,1,37,10.00,626.10,"6,261.00",2024-03-17
1396,HRL,2024031705002562,1,54,20.00,626.10,"12,522.00",2024-03-17
1397,HRL,2024031705002563,66,35,107.00,627.00,"67,089.00",2024-03-17
1398,HRL,2024031705002564,66,19,20.00,627.00,"12,540.00",2024-03-17
1399,HRL,2024031705002565,66,8,10.00,627.00,"6,270.00",2024-03-17
1400,HRL,2024031705002566,66,14,10.00,627.00,"6,270.00",2024-03-17
1401,HRL,2024031705002567,66,57,20.00,627.00,"12,540.00",2024-03-17
1402,HRL,2024031705002568,66,35,30.00,627.00,"18,810.00",2024-03-17
1403,HRL,2024031705002569,66,38,10.00,627.10,"6,271.00",2024-03-17
1404,HRL,2024031705002570,66,58,30.00,627.50,"18,825.00",2024-03-17
1405,HRL,2024031705002571,66,55,63.00,627.50,"39,532.50",2024-03-17
1406,HRL,2024031705002572,16,49,10.00,626.20,"6,262.00",2024-03-17
1407,HRL,2024031705002577,66,55,350.00,627.50,"219,625.00",2024-03-17
1408,HRL,2024031705002578,16,34,20.00,626.20,"12,524.00",2024-03-17
1409,HRL,2024031705002586,66,55,80.00,627.50,"50,200.00",2024-03-17
1410,HRL,2024031705002587,16,38,10.00,626.20,"6,262.00",2024-03-17
1411,HRL,2024031705002588,16,55,10.00,626.20,"6,262.00",2024-03-17
1412,HRL,2024031705002589,1,55,10.00,626.10,"6,261.00",2024-03-17
1413,HRL,2024031705002593,39,49,10.00,626.20,"6,262.00",2024-03-17
1414,HRL,2024031705002596,39,55,20.00,626.20,"12,524.00",2024-03-17
1415,HRL,2024031705002598,39,58,10.00,626.20,"6,262.00",2024-03-17
1416,HRL,2024031705002601,39,87,10.00,626.20,"6,262.00",2024-03-17
1417,HRL,2024031705002606,42,32,10.00,627.00,"6,270.00",2024-03-17
1418,HRL,2024031705002609,39,83,20.00,626.20,"12,524.00",2024-03-17
1419,HRL,2024031705002610,39,58,10.00,626.20,"6,262.00",2024-03-17
1420,HRL,2024031705002611,39,48,10.00,626.20,"6,262.00",2024-03-17
1421,HRL,2024031705002613,28,52,10.00,626.20,"6,262.00",2024-03-17
1422,HRL,2024031705002614,28,42,10.00,626.20,"6,262.00",2024-03-17
1423,HRL,2024031705002615,54,19,10.00,626.20,"6,262.00",2024-03-17
1424,HRL,2024031705002616,54,88,190.00,626.20,"118,978.00",2024-03-17
1425,HRL,2024031705002617,1,88,340.00,626.10,"212,874.00",2024-03-17
1426,HRL,2024031705002618,21,88,170.00,626.10,"106,437.00",2024-03-17
1427,HRL,2024031705002619,45,88,95.00,626.00,"59,470.00",2024-03-17
1428,HRL,2024031705002620,56,88,200.00,626.00,"125,200.00",2024-03-17
1429,HRL,2024031705002621,45,88,124.00,626.00,"77,624.00",2024-03-17
1430,HRL,2024031705002622,67,88,781.00,626.00,"488,906.00",2024-03-17
1431,HRL,2024031705002623,36,60,10.00,627.00,"6,270.00",2024-03-17
1432,HRL,2024031705002624,36,38,20.00,627.00,"12,540.00",2024-03-17
1433,HRL,2024031705002627,76,20,10.00,626.20,"6,262.00",2024-03-17
1434,HRL,2024031705002628,13,57,400.00,627.00,"250,800.00",2024-03-17
1435,HRL,2024031705002629,76,42,10.00,626.20,"6,262.00",2024-03-17
1436,HRL,2024031705002631,13,57,300.00,627.00,"188,100.00",2024-03-17
1437,HRL,2024031705002632,13,57,100.00,627.00,"62,700.00",2024-03-17
1438,HRL,2024031705002633,76,20,10.00,626.20,"6,262.00",2024-03-17
1439,HRL,2024031705002638,76,48,20.00,626.20,"12,524.00",2024-03-17
1440,HRL,2024031705002639,22,4,10.00,627.00,"6,270.00",2024-03-17
1441,HRL,2024031705002640,22,55,490.00,627.50,"307,475.00",2024-03-17
1442,HRL,2024031705002643,36,39,10.00,627.00,"6,270.00",2024-03-17
1443,HRL,2024031705002645,58,39,10.00,627.00,"6,270.00",2024-03-17
1444,HRL,2024031705002646,69,53,20.00,626.50,"12,530.00",2024-03-17
1445,HRL,2024031705002650,58,39,10.00,627.00,"6,270.00",2024-03-17
1446,HRL,2024031705002652,69,38,10.00,626.50,"6,265.00",2024-03-17
1447,HRL,2024031705002656,69,4,10.00,626.50,"6,265.00",2024-03-17
1448,HRL,2024031705002657,69,20,10.00,626.50,"6,265.00",2024-03-17
1449,HRL,2024031705002659,69,29,20.00,626.50,"12,530.00",2024-03-17
1450,HRL,2024031705002661,69,57,20.00,626.50,"12,530.00",2024-03-17
1451,HRL,2024031705002662,69,51,10.00,626.50,"6,265.00",2024-03-17
1452,HRL,2024031705002663,42,39,10.00,627.00,"6,270.00",2024-03-17
1453,HRL,2024031705002664,22,20,10.00,626.60,"6,266.00",2024-03-17
1454,HRL,2024031705002665,22,26,10.00,626.60,"6,266.00",2024-03-17
1455,HRL,2024031705002667,22,38,10.00,626.60,"6,266.00",2024-03-17
1456,HRL,2024031705002668,22,49,10.00,626.60,"6,266.00",2024-03-17
1457,HRL,2024031705002670,22,32,10.00,626.60,"6,266.00",2024-03-17
1458,HRL,2024031705002676,69,20,10.00,626.50,"6,265.00",2024-03-17
1459,HRL,2024031705002678,69,52,10.00,626.50,"6,265.00",2024-03-17
1460,HRL,2024031705002679,69,45,10.00,626.50,"6,265.00",2024-03-17
1461,HRL,2024031705002696,69,4,20.00,626.50,"12,530.00",2024-03-17
1462,HRL,2024031705002698,69,34,10.00,626.50,"6,265.00",2024-03-17
1463,HRL,2024031705002699,69,58,10.00,626.50,"6,265.00",2024-03-17
1464,HRL,2024031705002700,69,48,10.00,626.50,"6,265.00",2024-03-17
1465,HRL,2024031705002701,69,57,10.00,626.50,"6,265.00",2024-03-17
1466,HRL,2024031705002704,69,52,10.00,626.50,"6,265.00",2024-03-17
1467,HRL,2024031705002705,69,1,10.00,626.50,"6,265.00",2024-03-17
1468,HRL,2024031705002706,25,11,10.00,626.60,"6,266.00",2024-03-17
1469,HRL,2024031705002707,25,42,500.00,627.00,"313,500.00",2024-03-17
1470,HRL,2024031705002708,25,49,10.00,627.00,"6,270.00",2024-03-17
1471,HRL,2024031705002709,25,58,10.00,627.00,"6,270.00",2024-03-17
1472,HRL,2024031705002710,25,71,200.00,627.00,"125,400.00",2024-03-17
1473,HRL,2024031705002711,25,28,10.00,627.00,"6,270.00",2024-03-17
1474,HRL,2024031705002712,25,55,17.00,627.50,"10,667.50",2024-03-17
1475,HRL,2024031705002713,25,6,10.00,627.50,"6,275.00",2024-03-17
1476,HRL,2024031705002714,25,35,20.00,627.50,"12,550.00",2024-03-17
1477,HRL,2024031705002715,25,58,10.00,627.50,"6,275.00",2024-03-17
1478,HRL,2024031705002716,25,53,125.00,627.50,"78,437.50",2024-03-17
1479,HRL,2024031705002717,25,35,10.00,627.80,"6,278.00",2024-03-17
1480,HRL,2024031705002718,25,32,10.00,627.90,"6,279.00",2024-03-17
1481,HRL,2024031705002719,25,16,200.00,627.90,"125,580.00",2024-03-17
1482,HRL,2024031705002720,25,34,20.00,627.90,"12,558.00",2024-03-17
1483,HRL,2024031705002721,25,33,38.00,628.00,"23,864.00",2024-03-17
1484,HRL,2024031705002726,69,56,30.00,626.50,"18,795.00",2024-03-17
1485,HRL,2024031705002727,69,22,20.00,626.50,"12,530.00",2024-03-17
1486,HRL,2024031705002728,69,34,50.00,626.50,"31,325.00",2024-03-17
1487,HRL,2024031705002731,69,42,20.00,626.50,"12,530.00",2024-03-17
1488,HRL,2024031705002733,25,33,12.00,628.00,"7,536.00",2024-03-17
1489,HRL,2024031705002734,25,29,"1,000.00",628.00,"628,000.00",2024-03-17
1490,HRL,2024031705002735,25,56,10.00,628.00,"6,280.00",2024-03-17
1491,HRL,2024031705002736,25,47,10.00,628.00,"6,280.00",2024-03-17
1492,HRL,2024031705002737,25,94,30.00,628.00,"18,840.00",2024-03-17
1493,HRL,2024031705002738,25,48,10.00,628.00,"6,280.00",2024-03-17
1494,HRL,2024031705002739,25,47,10.00,628.00,"6,280.00",2024-03-17
1495,HRL,2024031705002740,25,59,10.00,628.00,"6,280.00",2024-03-17
1496,HRL,2024031705002741,25,33,10.00,628.00,"6,280.00",2024-03-17
1497,HRL,2024031705002742,25,35,10.00,628.00,"6,280.00",2024-03-17
1498,HRL,2024031705002743,25,49,10.00,628.00,"6,280.00",2024-03-17
