SN,Symbol,Transaction No.,Buyer Broker,Seller Broker,Share Quantity,Rate(Rs),Amount(Rs),Traded Date
1,HRL,2024032705000007,58,49,10.00,608.00,"6,080.00",2024-03-27
2,HRL,2024032705000011,58,51,10.00,609.00,"6,090.00",2024-03-27
3,HRL,2024032705000012,58,34,10.00,609.00,"6,090.00",2024-03-27
4,HRL,2024032705000013,58,34,10.00,609.00,"6,090.00",2024-03-27
5,HRL,2024032705000017,58,35,10.00,609.00,"6,090.00",2024-03-27
6,HRL,2024032705000018,1,40,11.00,610.00,"6,710.00",2024-03-27
7,HRL,2024032705000022,4,40,19.00,610.00,"11,590.00",2024-03-27
8,HRL,2024032705000025,26,64,10.00,610.00,"6,100.00",2024-03-27
9,HRL,2024032705000026,26,49,10.00,610.00,"6,100.00",2024-03-27
10,HRL,2024032705000027,26,19,10.00,610.00,"6,100.00",2024-03-27
11,HRL,2024032705000028,26,45,10.00,610.00,"6,100.00",2024-03-27
12,HRL,2024032705000032,16,16,2.00,605.00,"1,210.00",2024-03-27
13,HRL,2024032705000033,58,59,20.00,609.00,"12,180.00",2024-03-27
14,HRL,2024032705000034,5,51,10.00,609.50,"6,095.00",2024-03-27
15,HRL,2024032705000035,5,16,10.00,610.00,"6,100.00",2024-03-27
16,HRL,2024032705000036,5,13,20.00,610.00,"12,200.00",2024-03-27
17,HRL,2024032705000037,5,45,20.00,610.00,"12,200.00",2024-03-27
18,HRL,2024032705000038,5,50,10.00,610.00,"6,100.00",2024-03-27
19,HRL,2024032705000039,5,45,10.00,610.00,"6,100.00",2024-03-27
20,HRL,2024032705000040,5,3,420.00,610.00,"256,200.00",2024-03-27
21,HRL,2024032705000041,5,51,20.00,610.00,"12,200.00",2024-03-27
22,HRL,2024032705000042,5,58,10.00,610.00,"6,100.00",2024-03-27
23,HRL,2024032705000043,59,39,100.00,610.20,"61,020.00",2024-03-27
24,HRL,2024032705000044,10,39,100.00,610.20,"61,020.00",2024-03-27
25,HRL,2024032705000046,5,56,20.00,610.00,"12,200.00",2024-03-27
26,HRL,2024032705000047,5,57,10.00,610.00,"6,100.00",2024-03-27
27,HRL,2024032705000048,5,17,20.00,610.00,"12,200.00",2024-03-27
28,HRL,2024032705000050,5,58,10.00,610.00,"6,100.00",2024-03-27
29,HRL,2024032705000051,5,58,20.00,610.00,"12,200.00",2024-03-27
30,HRL,2024032705000052,5,49,10.00,610.00,"6,100.00",2024-03-27
31,HRL,2024032705000053,5,58,10.00,610.00,"6,100.00",2024-03-27
32,HRL,2024032705000054,5,45,10.00,610.00,"6,100.00",2024-03-27
33,HRL,2024032705000056,5,49,20.00,610.00,"12,200.00",2024-03-27
34,HRL,2024032705000057,58,3,152.00,611.70,"92,978.40",2024-03-27
35,HRL,2024032705000059,5,22,10.00,610.00,"6,100.00",2024-03-27
36,HRL,2024032705000063,5,44,10.00,610.00,"6,100.00",2024-03-27
37,HRL,2024032705000064,5,51,140.00,610.00,"85,400.00",2024-03-27
38,HRL,2024032705000065,5,58,10.00,610.00,"6,100.00",2024-03-27
39,HRL,2024032705000066,5,22,20.00,610.00,"12,200.00",2024-03-27
40,HRL,2024032705000069,5,45,10.00,610.00,"6,100.00",2024-03-27
41,HRL,2024032705000070,5,38,10.00,610.00,"6,100.00",2024-03-27
42,HRL,2024032705000076,5,36,20.00,610.00,"12,200.00",2024-03-27
43,HRL,2024032705000078,5,19,10.00,610.00,"6,100.00",2024-03-27
44,HRL,2024032705000079,5,58,10.00,610.00,"6,100.00",2024-03-27
45,HRL,2024032705000080,5,22,10.00,610.00,"6,100.00",2024-03-27
46,HRL,2024032705000082,5,58,10.00,610.00,"6,100.00",2024-03-27
47,HRL,2024032705000083,5,40,30.00,610.00,"18,300.00",2024-03-27
48,HRL,2024032705000085,14,58,20.00,611.00,"12,220.00",2024-03-27
49,HRL,2024032705000086,14,25,10.00,611.00,"6,110.00",2024-03-27
50,HRL,2024032705000087,14,45,20.00,611.00,"12,220.00",2024-03-27
51,HRL,2024032705000088,14,58,10.00,611.00,"6,110.00",2024-03-27
52,HRL,2024032705000090,14,58,20.00,611.00,"12,220.00",2024-03-27
53,HRL,2024032705000091,14,47,20.00,611.00,"12,220.00",2024-03-27
54,HRL,2024032705000094,14,3,100.00,611.00,"61,100.00",2024-03-27
55,HRL,2024032705000098,14,41,20.00,610.10,"12,202.00",2024-03-27
56,HRL,2024032705000099,55,36,10.00,611.00,"6,110.00",2024-03-27
57,HRL,2024032705000100,55,58,10.00,611.00,"6,110.00",2024-03-27
58,HRL,2024032705000101,55,49,10.00,611.00,"6,110.00",2024-03-27
59,HRL,2024032705000102,14,57,20.00,610.10,"12,202.00",2024-03-27
60,HRL,2024032705000105,14,57,10.00,610.10,"6,101.00",2024-03-27
61,HRL,2024032705000106,14,40,20.00,610.10,"12,202.00",2024-03-27
62,HRL,2024032705000107,5,40,10.00,610.00,"6,100.00",2024-03-27
63,HRL,2024032705000114,5,42,10.00,610.00,"6,100.00",2024-03-27
64,HRL,2024032705000117,5,47,10.00,610.00,"6,100.00",2024-03-27
65,HRL,2024032705000118,26,63,10.00,610.50,"6,105.00",2024-03-27
66,HRL,2024032705000120,26,3,40.00,610.50,"24,420.00",2024-03-27
67,HRL,2024032705000121,5,51,10.00,610.00,"6,100.00",2024-03-27
68,HRL,2024032705000130,25,41,10.00,610.00,"6,100.00",2024-03-27
69,HRL,2024032705000131,25,39,17.00,610.00,"10,370.00",2024-03-27
70,HRL,2024032705000132,41,58,20.00,610.00,"12,200.00",2024-03-27
71,HRL,2024032705000133,41,58,18.00,610.00,"10,980.00",2024-03-27
72,HRL,2024032705000134,48,58,501.00,610.00,"305,610.00",2024-03-27
73,HRL,2024032705000137,48,46,10.00,610.00,"6,100.00",2024-03-27
74,HRL,2024032705000139,48,35,10.00,610.00,"6,100.00",2024-03-27
75,HRL,2024032705000140,48,43,30.00,610.00,"18,300.00",2024-03-27
76,HRL,2024032705000142,48,3,249.00,610.00,"151,890.00",2024-03-27
77,HRL,2024032705000146,55,4,10.00,609.10,"6,091.00",2024-03-27
78,HRL,2024032705000147,55,57,10.00,609.10,"6,091.00",2024-03-27
79,HRL,2024032705000148,57,49,20.00,609.00,"12,180.00",2024-03-27
80,HRL,2024032705000151,57,49,10.00,609.00,"6,090.00",2024-03-27
81,HRL,2024032705000155,49,58,20.00,609.00,"12,180.00",2024-03-27
82,HRL,2024032705000156,49,36,20.00,609.00,"12,180.00",2024-03-27
83,HRL,2024032705000161,49,55,10.00,609.00,"6,090.00",2024-03-27
84,HRL,2024032705000168,49,57,10.00,609.00,"6,090.00",2024-03-27
85,HRL,2024032705000170,49,45,30.00,609.00,"18,270.00",2024-03-27
86,HRL,2024032705000171,49,52,10.00,609.00,"6,090.00",2024-03-27
87,HRL,2024032705000172,14,21,30.00,609.00,"18,270.00",2024-03-27
88,HRL,2024032705000174,14,57,10.00,609.00,"6,090.00",2024-03-27
89,HRL,2024032705000175,14,57,10.00,609.00,"6,090.00",2024-03-27
90,HRL,2024032705000176,14,7,10.00,609.00,"6,090.00",2024-03-27
91,HRL,2024032705000177,14,38,10.00,609.00,"6,090.00",2024-03-27
92,HRL,2024032705000179,14,45,80.00,609.00,"48,720.00",2024-03-27
93,HRL,2024032705000181,14,6,10.00,609.00,"6,090.00",2024-03-27
94,HRL,2024032705000182,14,58,30.00,609.00,"18,270.00",2024-03-27
95,HRL,2024032705000184,14,49,20.00,609.00,"12,180.00",2024-03-27
96,HRL,2024032705000185,14,57,10.00,609.00,"6,090.00",2024-03-27
97,HRL,2024032705000186,14,57,10.00,609.00,"6,090.00",2024-03-27
98,HRL,2024032705000193,14,3,10.00,609.00,"6,090.00",2024-03-27
99,HRL,2024032705000194,14,57,10.00,609.00,"6,090.00",2024-03-27
100,HRL,2024032705000195,38,20,10.00,609.90,"6,099.00",2024-03-27
101,HRL,2024032705000196,38,21,10.00,609.90,"6,099.00",2024-03-27
102,HRL,2024032705000197,38,58,20.00,609.90,"12,198.00",2024-03-27
103,HRL,2024032705000198,38,44,30.00,610.00,"18,300.00",2024-03-27
104,HRL,2024032705000199,38,42,20.00,610.00,"12,200.00",2024-03-27
105,HRL,2024032705000200,38,58,10.00,610.00,"6,100.00",2024-03-27
106,HRL,2024032705000201,14,35,30.00,609.00,"18,270.00",2024-03-27
107,HRL,2024032705000215,14,57,10.00,609.00,"6,090.00",2024-03-27
108,HRL,2024032705000217,14,58,20.00,609.00,"12,180.00",2024-03-27
109,HRL,2024032705000223,6,66,10.00,610.00,"6,100.00",2024-03-27
110,HRL,2024032705000224,6,49,10.00,610.00,"6,100.00",2024-03-27
111,HRL,2024032705000225,6,21,10.00,610.00,"6,100.00",2024-03-27
112,HRL,2024032705000226,6,21,10.00,610.00,"6,100.00",2024-03-27
113,HRL,2024032705000227,6,21,10.00,610.00,"6,100.00",2024-03-27
114,HRL,2024032705000228,6,19,10.00,610.00,"6,100.00",2024-03-27
115,HRL,2024032705000229,14,56,100.00,609.00,"60,900.00",2024-03-27
116,HRL,2024032705000234,51,42,10.00,610.00,"6,100.00",2024-03-27
117,HRL,2024032705000235,57,57,10.00,610.00,"6,100.00",2024-03-27
118,HRL,2024032705000236,57,49,30.00,610.00,"18,300.00",2024-03-27
119,HRL,2024032705000237,57,14,10.00,610.00,"6,100.00",2024-03-27
120,HRL,2024032705000239,26,41,10.00,609.20,"6,092.00",2024-03-27
121,HRL,2024032705000242,26,32,20.00,609.20,"12,184.00",2024-03-27
122,HRL,2024032705000243,26,25,220.00,609.20,"134,024.00",2024-03-27
123,HRL,2024032705000244,65,25,200.00,609.10,"121,820.00",2024-03-27
124,HRL,2024032705000245,14,25,90.00,609.00,"54,810.00",2024-03-27
125,HRL,2024032705000246,35,25,90.00,609.00,"54,810.00",2024-03-27
126,HRL,2024032705000248,3,6,10.00,610.00,"6,100.00",2024-03-27
127,HRL,2024032705000249,3,32,20.00,610.00,"12,200.00",2024-03-27
128,HRL,2024032705000250,3,17,30.00,610.00,"18,300.00",2024-03-27
129,HRL,2024032705000251,3,45,20.00,610.00,"12,200.00",2024-03-27
130,HRL,2024032705000252,3,45,20.00,610.00,"12,200.00",2024-03-27
131,HRL,2024032705000253,3,8,20.00,610.20,"12,204.00",2024-03-27
132,HRL,2024032705000254,3,52,10.00,610.50,"6,105.00",2024-03-27
133,HRL,2024032705000255,3,29,10.00,611.00,"6,110.00",2024-03-27
134,HRL,2024032705000256,3,4,10.00,611.00,"6,110.00",2024-03-27
135,HRL,2024032705000257,3,56,10.00,611.00,"6,110.00",2024-03-27
136,HRL,2024032705000258,3,58,20.00,611.00,"12,220.00",2024-03-27
137,HRL,2024032705000259,3,58,10.00,611.00,"6,110.00",2024-03-27
138,HRL,2024032705000260,3,52,20.00,611.00,"12,220.00",2024-03-27
139,HRL,2024032705000261,3,7,10.00,611.00,"6,110.00",2024-03-27
140,HRL,2024032705000262,3,95,10.00,611.00,"6,110.00",2024-03-27
141,HRL,2024032705000263,3,38,50.00,611.00,"30,550.00",2024-03-27
142,HRL,2024032705000264,3,41,10.00,611.00,"6,110.00",2024-03-27
143,HRL,2024032705000265,3,49,10.00,611.00,"6,110.00",2024-03-27
144,HRL,2024032705000268,58,57,20.00,610.00,"12,200.00",2024-03-27
145,HRL,2024032705000269,58,50,20.00,610.00,"12,200.00",2024-03-27
146,HRL,2024032705000271,58,3,10.00,610.90,"6,109.00",2024-03-27
147,HRL,2024032705000273,35,3,10.00,609.00,"6,090.00",2024-03-27
148,HRL,2024032705000275,41,35,10.00,609.00,"6,090.00",2024-03-27
149,HRL,2024032705000276,41,25,20.00,609.00,"12,180.00",2024-03-27
150,HRL,2024032705000277,38,25,65.00,609.00,"39,585.00",2024-03-27
151,HRL,2024032705000278,58,25,415.00,609.00,"252,735.00",2024-03-27
152,HRL,2024032705000279,58,14,10.00,610.00,"6,100.00",2024-03-27
153,HRL,2024032705000280,58,58,20.00,610.00,"12,200.00",2024-03-27
154,HRL,2024032705000283,45,11,10.00,610.00,"6,100.00",2024-03-27
155,HRL,2024032705000284,45,34,10.00,610.00,"6,100.00",2024-03-27
156,HRL,2024032705000287,45,7,10.00,610.00,"6,100.00",2024-03-27
157,HRL,2024032705000288,45,34,10.00,610.00,"6,100.00",2024-03-27
158,HRL,2024032705000289,45,25,460.00,610.00,"280,600.00",2024-03-27
159,HRL,2024032705000290,58,25,40.00,609.00,"24,360.00",2024-03-27
160,HRL,2024032705000292,58,21,10.00,609.00,"6,090.00",2024-03-27
161,HRL,2024032705000296,58,52,35.00,609.00,"21,315.00",2024-03-27
162,HRL,2024032705000297,38,36,20.00,609.00,"12,180.00",2024-03-27
163,HRL,2024032705000303,38,33,20.00,609.00,"12,180.00",2024-03-27
164,HRL,2024032705000322,57,56,10.00,609.10,"6,091.00",2024-03-27
165,HRL,2024032705000328,57,41,10.00,609.10,"6,091.00",2024-03-27
166,HRL,2024032705000330,57,48,10.00,609.10,"6,091.00",2024-03-27
167,HRL,2024032705000332,58,40,30.00,610.00,"18,300.00",2024-03-27
168,HRL,2024032705000333,58,3,30.00,610.00,"18,300.00",2024-03-27
169,HRL,2024032705000334,58,34,10.00,610.00,"6,100.00",2024-03-27
170,HRL,2024032705000335,50,58,20.00,610.00,"12,200.00",2024-03-27
171,HRL,2024032705000337,20,29,30.00,610.50,"18,315.00",2024-03-27
172,HRL,2024032705000338,20,38,10.00,610.90,"6,109.00",2024-03-27
173,HRL,2024032705000339,20,49,10.00,611.00,"6,110.00",2024-03-27
174,HRL,2024032705000340,20,35,10.00,611.00,"6,110.00",2024-03-27
175,HRL,2024032705000341,20,57,10.00,611.00,"6,110.00",2024-03-27
176,HRL,2024032705000342,20,43,70.00,611.00,"42,770.00",2024-03-27
177,HRL,2024032705000343,20,16,50.00,611.00,"30,550.00",2024-03-27
178,HRL,2024032705000344,20,58,20.00,611.00,"12,220.00",2024-03-27
179,HRL,2024032705000345,20,49,10.00,611.00,"6,110.00",2024-03-27
180,HRL,2024032705000346,20,45,10.00,611.00,"6,110.00",2024-03-27
181,HRL,2024032705000347,20,35,10.00,611.00,"6,110.00",2024-03-27
182,HRL,2024032705000348,20,45,20.00,611.00,"12,220.00",2024-03-27
183,HRL,2024032705000349,20,38,10.00,611.00,"6,110.00",2024-03-27
184,HRL,2024032705000350,20,45,30.00,611.00,"18,330.00",2024-03-27
185,HRL,2024032705000355,53,58,10.00,610.10,"6,101.00",2024-03-27
186,HRL,2024032705000356,53,26,20.00,610.10,"12,202.00",2024-03-27
187,HRL,2024032705000358,57,3,10.00,610.20,"6,102.00",2024-03-27
188,HRL,2024032705000360,50,16,30.00,611.00,"18,330.00",2024-03-27
189,HRL,2024032705000361,57,49,10.00,610.20,"6,102.00",2024-03-27
190,HRL,2024032705000363,25,34,20.00,611.00,"12,220.00",2024-03-27
191,HRL,2024032705000364,57,7,10.00,610.20,"6,102.00",2024-03-27
192,HRL,2024032705000365,57,58,10.00,610.20,"6,102.00",2024-03-27
193,HRL,2024032705000369,26,17,10.00,610.30,"6,103.00",2024-03-27
194,HRL,2024032705000371,26,56,10.00,610.30,"6,103.00",2024-03-27
195,HRL,2024032705000372,26,26,20.00,610.30,"12,206.00",2024-03-27
196,HRL,2024032705000373,26,22,10.00,610.30,"6,103.00",2024-03-27
197,HRL,2024032705000374,26,57,30.00,610.30,"18,309.00",2024-03-27
198,HRL,2024032705000375,26,34,10.00,610.30,"6,103.00",2024-03-27
199,HRL,2024032705000376,50,45,10.00,610.40,"6,104.00",2024-03-27
200,HRL,2024032705000382,50,3,10.00,610.40,"6,104.00",2024-03-27
201,HRL,2024032705000383,50,3,30.00,610.40,"18,312.00",2024-03-27
202,HRL,2024032705000384,57,3,80.00,610.40,"48,832.00",2024-03-27
203,HRL,2024032705000385,26,3,10.00,610.30,"6,103.00",2024-03-27
204,HRL,2024032705000386,46,3,380.00,610.30,"231,914.00",2024-03-27
205,HRL,2024032705000389,46,26,10.00,610.30,"6,103.00",2024-03-27
206,HRL,2024032705000395,46,58,20.00,610.30,"12,206.00",2024-03-27
207,HRL,2024032705000412,46,19,10.00,610.30,"6,103.00",2024-03-27
208,HRL,2024032705000414,46,58,10.00,610.30,"6,103.00",2024-03-27
209,HRL,2024032705000415,46,3,70.00,610.30,"42,721.00",2024-03-27
210,HRL,2024032705000416,57,3,180.00,610.30,"109,854.00",2024-03-27
211,HRL,2024032705000417,26,3,178.00,610.20,"108,615.60",2024-03-27
212,HRL,2024032705000419,26,38,20.00,610.20,"12,204.00",2024-03-27
213,HRL,2024032705000421,26,50,102.00,610.20,"62,240.40",2024-03-27
214,HRL,2024032705000422,53,50,898.00,610.10,"547,869.80",2024-03-27
215,HRL,2024032705000423,53,25,72.00,610.10,"43,927.20",2024-03-27
216,HRL,2024032705000424,83,25,100.00,610.00,"61,000.00",2024-03-27
217,HRL,2024032705000425,41,25,30.00,610.00,"18,300.00",2024-03-27
218,HRL,2024032705000426,68,25,20.00,610.00,"12,200.00",2024-03-27
219,HRL,2024032705000427,41,25,40.00,610.00,"24,400.00",2024-03-27
220,HRL,2024032705000428,58,28,10.00,609.60,"6,096.00",2024-03-27
221,HRL,2024032705000429,36,25,101.00,610.00,"61,610.00",2024-03-27
222,HRL,2024032705000436,62,36,20.00,609.50,"12,190.00",2024-03-27
223,HRL,2024032705000437,62,21,10.00,609.50,"6,095.00",2024-03-27
224,HRL,2024032705000438,62,32,175.00,609.50,"106,662.50",2024-03-27
225,HRL,2024032705000439,38,32,60.00,609.00,"36,540.00",2024-03-27
226,HRL,2024032705000440,4,32,765.00,609.00,"465,885.00",2024-03-27
227,HRL,2024032705000444,4,7,10.00,609.00,"6,090.00",2024-03-27
228,HRL,2024032705000445,4,25,225.00,609.00,"137,025.00",2024-03-27
229,HRL,2024032705000446,57,25,10.00,609.00,"6,090.00",2024-03-27
230,HRL,2024032705000447,49,25,30.00,609.00,"18,270.00",2024-03-27
231,HRL,2024032705000448,56,25,10.00,609.00,"6,090.00",2024-03-27
232,HRL,2024032705000452,49,47,10.00,608.50,"6,085.00",2024-03-27
233,HRL,2024032705000454,49,34,30.00,608.50,"18,255.00",2024-03-27
234,HRL,2024032705000455,22,53,10.00,609.00,"6,090.00",2024-03-27
235,HRL,2024032705000456,49,58,20.00,608.50,"12,170.00",2024-03-27
236,HRL,2024032705000458,58,49,10.00,608.20,"6,082.00",2024-03-27
237,HRL,2024032705000459,6,58,10.00,609.00,"6,090.00",2024-03-27
238,HRL,2024032705000463,46,11,10.00,608.50,"6,085.00",2024-03-27
239,HRL,2024032705000464,45,35,10.00,609.50,"6,095.00",2024-03-27
240,HRL,2024032705000465,45,35,10.00,609.60,"6,096.00",2024-03-27
241,HRL,2024032705000467,45,34,20.00,609.60,"12,192.00",2024-03-27
242,HRL,2024032705000472,6,13,10.00,609.70,"6,097.00",2024-03-27
243,HRL,2024032705000477,45,38,20.00,609.60,"12,192.00",2024-03-27
244,HRL,2024032705000487,45,38,10.00,609.60,"6,096.00",2024-03-27
245,HRL,2024032705000493,46,26,30.00,608.50,"18,255.00",2024-03-27
246,HRL,2024032705000494,49,58,10.00,609.70,"6,097.00",2024-03-27
247,HRL,2024032705000495,49,55,10.00,610.00,"6,100.00",2024-03-27
248,HRL,2024032705000496,49,45,10.00,610.00,"6,100.00",2024-03-27
249,HRL,2024032705000497,49,49,10.00,610.00,"6,100.00",2024-03-27
250,HRL,2024032705000498,49,25,60.00,610.00,"36,600.00",2024-03-27
251,HRL,2024032705000500,46,48,10.00,608.50,"6,085.00",2024-03-27
252,HRL,2024032705000501,46,38,20.00,608.50,"12,170.00",2024-03-27
253,HRL,2024032705000504,46,35,10.00,608.50,"6,085.00",2024-03-27
254,HRL,2024032705000506,46,52,10.00,608.50,"6,085.00",2024-03-27
255,HRL,2024032705000524,46,53,30.00,608.50,"18,255.00",2024-03-27
256,HRL,2024032705000534,46,52,10.00,608.50,"6,085.00",2024-03-27
257,HRL,2024032705000535,46,42,10.00,608.50,"6,085.00",2024-03-27
258,HRL,2024032705000536,46,58,20.00,608.50,"12,170.00",2024-03-27
259,HRL,2024032705000541,46,64,10.00,608.50,"6,085.00",2024-03-27
260,HRL,2024032705000545,46,52,10.00,608.50,"6,085.00",2024-03-27
261,HRL,2024032705000546,46,48,20.00,608.50,"12,170.00",2024-03-27
262,HRL,2024032705000547,58,48,480.00,608.20,"291,936.00",2024-03-27
263,HRL,2024032705000551,55,34,10.00,608.10,"6,081.00",2024-03-27
264,HRL,2024032705000556,22,25,10.00,608.50,"6,085.00",2024-03-27
265,HRL,2024032705000557,22,58,10.00,608.50,"6,085.00",2024-03-27
266,HRL,2024032705000558,34,11,10.00,608.00,"6,080.00",2024-03-27
267,HRL,2024032705000562,34,35,30.00,608.00,"18,240.00",2024-03-27
268,HRL,2024032705000565,59,51,40.00,609.00,"24,360.00",2024-03-27
269,HRL,2024032705000566,34,46,10.00,608.00,"6,080.00",2024-03-27
270,HRL,2024032705000568,7,34,10.00,608.00,"6,080.00",2024-03-27
271,HRL,2024032705000569,7,35,10.00,608.00,"6,080.00",2024-03-27
272,HRL,2024032705000570,7,58,20.00,608.00,"12,160.00",2024-03-27
273,HRL,2024032705000574,7,58,30.00,608.00,"18,240.00",2024-03-27
274,HRL,2024032705000576,58,51,10.00,609.00,"6,090.00",2024-03-27
275,HRL,2024032705000577,58,49,10.00,609.00,"6,090.00",2024-03-27
276,HRL,2024032705000581,35,38,10.00,609.00,"6,090.00",2024-03-27
277,HRL,2024032705000583,35,49,10.00,609.00,"6,090.00",2024-03-27
278,HRL,2024032705000584,26,49,10.00,608.00,"6,080.00",2024-03-27
279,HRL,2024032705000585,26,48,10.00,608.00,"6,080.00",2024-03-27
280,HRL,2024032705000598,37,54,10.00,608.10,"6,081.00",2024-03-27
281,HRL,2024032705000601,37,50,20.00,608.10,"12,162.00",2024-03-27
282,HRL,2024032705000605,37,21,10.00,608.10,"6,081.00",2024-03-27
283,HRL,2024032705000606,35,29,20.00,609.40,"12,188.00",2024-03-27
284,HRL,2024032705000607,37,55,10.00,608.10,"6,081.00",2024-03-27
285,HRL,2024032705000608,37,26,30.00,608.10,"18,243.00",2024-03-27
286,HRL,2024032705000609,52,52,5.00,596.00,"2,980.00",2024-03-27
287,HRL,2024032705000610,37,48,10.00,608.10,"6,081.00",2024-03-27
288,HRL,2024032705000611,37,6,10.00,608.10,"6,081.00",2024-03-27
289,HRL,2024032705000615,35,6,10.00,608.10,"6,081.00",2024-03-27
290,HRL,2024032705000617,26,38,10.00,608.00,"6,080.00",2024-03-27
291,HRL,2024032705000618,26,58,10.00,608.00,"6,080.00",2024-03-27
292,HRL,2024032705000620,26,38,10.00,608.00,"6,080.00",2024-03-27
293,HRL,2024032705000625,56,49,10.00,608.00,"6,080.00",2024-03-27
294,HRL,2024032705000630,56,49,20.00,608.00,"12,160.00",2024-03-27
295,HRL,2024032705000631,56,42,10.00,608.00,"6,080.00",2024-03-27
296,HRL,2024032705000634,56,58,10.00,608.00,"6,080.00",2024-03-27
297,HRL,2024032705000635,34,34,20.00,608.00,"12,160.00",2024-03-27
298,HRL,2024032705000636,45,34,30.00,608.00,"18,240.00",2024-03-27
299,HRL,2024032705000637,45,34,20.00,608.00,"12,160.00",2024-03-27
300,HRL,2024032705000638,45,47,10.00,608.00,"6,080.00",2024-03-27
301,HRL,2024032705000639,57,47,10.00,608.00,"6,080.00",2024-03-27
302,HRL,2024032705000640,57,58,15.00,608.00,"9,120.00",2024-03-27
303,HRL,2024032705000641,25,58,10.00,608.00,"6,080.00",2024-03-27
304,HRL,2024032705000642,35,17,10.00,608.00,"6,080.00",2024-03-27
305,HRL,2024032705000643,35,42,10.00,608.00,"6,080.00",2024-03-27
306,HRL,2024032705000644,35,63,10.00,608.00,"6,080.00",2024-03-27
307,HRL,2024032705000646,35,32,20.00,608.00,"12,160.00",2024-03-27
308,HRL,2024032705000647,35,64,10.00,608.00,"6,080.00",2024-03-27
309,HRL,2024032705000648,35,35,10.00,608.00,"6,080.00",2024-03-27
310,HRL,2024032705000649,35,56,30.00,608.00,"18,240.00",2024-03-27
311,HRL,2024032705000653,62,16,10.00,608.00,"6,080.00",2024-03-27
312,HRL,2024032705000655,62,57,20.00,608.00,"12,160.00",2024-03-27
313,HRL,2024032705000656,34,57,20.00,608.00,"12,160.00",2024-03-27
314,HRL,2024032705000661,28,58,10.00,608.00,"6,080.00",2024-03-27
315,HRL,2024032705000662,28,45,20.00,608.00,"12,160.00",2024-03-27
316,HRL,2024032705000664,28,39,10.00,608.00,"6,080.00",2024-03-27
317,HRL,2024032705000666,45,35,9.00,600.00,"5,400.00",2024-03-27
318,HRL,2024032705000667,28,42,10.00,608.00,"6,080.00",2024-03-27
319,HRL,2024032705000668,28,26,10.00,608.00,"6,080.00",2024-03-27
320,HRL,2024032705000669,45,35,9.00,600.00,"5,400.00",2024-03-27
321,HRL,2024032705000670,45,35,2.00,600.00,"1,200.00",2024-03-27
322,HRL,2024032705000671,28,56,10.00,608.00,"6,080.00",2024-03-27
323,HRL,2024032705000672,28,36,20.00,608.00,"12,160.00",2024-03-27
324,HRL,2024032705000674,28,35,10.00,608.00,"6,080.00",2024-03-27
325,HRL,2024032705000675,17,17,5.00,608.50,"3,042.50",2024-03-27
326,HRL,2024032705000677,28,38,10.00,608.00,"6,080.00",2024-03-27
327,HRL,2024032705000678,28,49,10.00,608.00,"6,080.00",2024-03-27
328,HRL,2024032705000680,28,19,20.00,608.00,"12,160.00",2024-03-27
329,HRL,2024032705000682,28,36,10.00,608.00,"6,080.00",2024-03-27
330,HRL,2024032705000683,34,35,10.00,608.00,"6,080.00",2024-03-27
331,HRL,2024032705000687,68,58,10.00,608.10,"6,081.00",2024-03-27
332,HRL,2024032705000688,49,58,10.00,608.00,"6,080.00",2024-03-27
333,HRL,2024032705000689,49,28,10.00,608.00,"6,080.00",2024-03-27
334,HRL,2024032705000690,49,51,5.00,608.00,"3,040.00",2024-03-27
335,HRL,2024032705000691,34,58,10.00,608.00,"6,080.00",2024-03-27
336,HRL,2024032705000696,58,38,10.00,607.50,"6,075.00",2024-03-27
337,HRL,2024032705000702,58,26,10.00,607.50,"6,075.00",2024-03-27
338,HRL,2024032705000704,58,49,20.00,607.50,"12,150.00",2024-03-27
339,HRL,2024032705000705,58,38,10.00,607.50,"6,075.00",2024-03-27
340,HRL,2024032705000707,39,34,10.00,607.50,"6,075.00",2024-03-27
341,HRL,2024032705000710,49,55,20.00,607.20,"12,144.00",2024-03-27
342,HRL,2024032705000711,5,19,20.00,607.10,"12,142.00",2024-03-27
343,HRL,2024032705000717,5,55,10.00,607.10,"6,071.00",2024-03-27
344,HRL,2024032705000718,5,38,10.00,607.10,"6,071.00",2024-03-27
345,HRL,2024032705000719,5,56,10.00,607.10,"6,071.00",2024-03-27
346,HRL,2024032705000720,22,17,10.00,607.10,"6,071.00",2024-03-27
347,HRL,2024032705000721,39,58,10.00,607.50,"6,075.00",2024-03-27
348,HRL,2024032705000722,39,58,20.00,607.50,"12,150.00",2024-03-27
349,HRL,2024032705000723,39,42,10.00,607.50,"6,075.00",2024-03-27
350,HRL,2024032705000724,39,38,10.00,608.00,"6,080.00",2024-03-27
351,HRL,2024032705000725,22,49,20.00,607.10,"12,142.00",2024-03-27
352,HRL,2024032705000727,22,58,10.00,607.10,"6,071.00",2024-03-27
353,HRL,2024032705000728,22,4,20.00,607.10,"12,142.00",2024-03-27
354,HRL,2024032705000729,22,56,10.00,607.10,"6,071.00",2024-03-27
355,HRL,2024032705000737,22,26,10.00,607.10,"6,071.00",2024-03-27
356,HRL,2024032705000742,42,55,10.00,607.20,"6,072.00",2024-03-27
357,HRL,2024032705000745,42,55,10.00,607.20,"6,072.00",2024-03-27
358,HRL,2024032705000746,22,55,10.00,607.10,"6,071.00",2024-03-27
359,HRL,2024032705000747,58,55,10.00,607.90,"6,079.00",2024-03-27
360,HRL,2024032705000751,22,25,10.00,607.10,"6,071.00",2024-03-27
361,HRL,2024032705000752,94,25,20.00,607.10,"12,142.00",2024-03-27
362,HRL,2024032705000753,22,25,100.00,607.00,"60,700.00",2024-03-27
363,HRL,2024032705000754,45,25,50.00,607.00,"30,350.00",2024-03-27
364,HRL,2024032705000755,41,25,30.00,607.00,"18,210.00",2024-03-27
365,HRL,2024032705000756,58,25,65.00,607.00,"39,455.00",2024-03-27
366,HRL,2024032705000757,35,25,100.00,607.00,"60,700.00",2024-03-27
367,HRL,2024032705000758,57,25,500.00,607.00,"303,500.00",2024-03-27
368,HRL,2024032705000759,39,25,125.00,607.00,"75,875.00",2024-03-27
369,HRL,2024032705000761,39,53,10.00,607.00,"6,070.00",2024-03-27
370,HRL,2024032705000764,35,58,10.00,607.20,"6,072.00",2024-03-27
371,HRL,2024032705000765,39,46,30.00,607.00,"18,210.00",2024-03-27
372,HRL,2024032705000766,39,19,30.00,607.00,"18,210.00",2024-03-27
373,HRL,2024032705000769,49,6,10.00,607.00,"6,070.00",2024-03-27
374,HRL,2024032705000770,55,42,20.00,606.80,"12,136.00",2024-03-27
375,HRL,2024032705000771,54,55,20.00,606.70,"12,134.00",2024-03-27
376,HRL,2024032705000772,54,59,10.00,606.70,"6,067.00",2024-03-27
377,HRL,2024032705000777,54,57,10.00,606.70,"6,067.00",2024-03-27
378,HRL,2024032705000778,54,36,10.00,606.70,"6,067.00",2024-03-27
379,HRL,2024032705000780,25,58,10.00,606.70,"6,067.00",2024-03-27
380,HRL,2024032705000782,25,57,10.00,606.70,"6,067.00",2024-03-27
381,HRL,2024032705000783,25,55,10.00,606.70,"6,067.00",2024-03-27
382,HRL,2024032705000784,25,26,20.00,606.70,"12,134.00",2024-03-27
383,HRL,2024032705000785,25,49,10.00,606.70,"6,067.00",2024-03-27
384,HRL,2024032705000790,52,13,10.00,606.80,"6,068.00",2024-03-27
385,HRL,2024032705000797,52,38,20.00,606.80,"12,136.00",2024-03-27
386,HRL,2024032705000801,52,42,20.00,606.80,"12,136.00",2024-03-27
387,HRL,2024032705000803,16,56,10.00,606.90,"6,069.00",2024-03-27
388,HRL,2024032705000805,26,43,10.00,607.00,"6,070.00",2024-03-27
389,HRL,2024032705000806,26,19,30.00,607.00,"18,210.00",2024-03-27
390,HRL,2024032705000807,26,47,20.00,607.00,"12,140.00",2024-03-27
391,HRL,2024032705000809,44,22,10.00,607.00,"6,070.00",2024-03-27
392,HRL,2024032705000817,41,55,20.00,607.90,"12,158.00",2024-03-27
393,HRL,2024032705000818,41,38,15.00,608.00,"9,120.00",2024-03-27
394,HRL,2024032705000819,41,58,10.00,608.00,"6,080.00",2024-03-27
395,HRL,2024032705000820,41,49,10.00,608.00,"6,080.00",2024-03-27
396,HRL,2024032705000821,41,29,10.00,608.00,"6,080.00",2024-03-27
397,HRL,2024032705000822,41,58,20.00,608.00,"12,160.00",2024-03-27
398,HRL,2024032705000823,41,48,10.00,608.00,"6,080.00",2024-03-27
399,HRL,2024032705000824,41,34,10.00,608.00,"6,080.00",2024-03-27
400,HRL,2024032705000825,41,38,10.00,608.00,"6,080.00",2024-03-27
401,HRL,2024032705000826,41,42,30.00,609.00,"18,270.00",2024-03-27
402,HRL,2024032705000827,41,41,10.00,609.00,"6,090.00",2024-03-27
403,HRL,2024032705000828,41,44,10.00,609.00,"6,090.00",2024-03-27
404,HRL,2024032705000829,41,38,10.00,609.00,"6,090.00",2024-03-27
405,HRL,2024032705000830,41,38,20.00,609.00,"12,180.00",2024-03-27
406,HRL,2024032705000831,41,42,5.00,609.00,"3,045.00",2024-03-27
407,HRL,2024032705000834,58,36,30.00,607.00,"18,210.00",2024-03-27
408,HRL,2024032705000844,58,4,10.00,607.00,"6,070.00",2024-03-27
409,HRL,2024032705000845,71,45,10.00,609.00,"6,090.00",2024-03-27
410,HRL,2024032705000846,71,46,10.00,609.00,"6,090.00",2024-03-27
411,HRL,2024032705000851,74,57,10.00,607.20,"6,072.00",2024-03-27
412,HRL,2024032705000852,74,71,20.00,607.20,"12,144.00",2024-03-27
413,HRL,2024032705000853,74,25,170.00,607.20,"103,224.00",2024-03-27
414,HRL,2024032705000854,47,25,100.00,607.10,"60,710.00",2024-03-27
415,HRL,2024032705000855,58,25,32.00,607.00,"19,424.00",2024-03-27
416,HRL,2024032705000856,58,13,10.00,607.00,"6,070.00",2024-03-27
417,HRL,2024032705000857,58,88,18.00,607.00,"10,926.00",2024-03-27
418,HRL,2024032705000858,34,88,10.00,607.00,"6,070.00",2024-03-27
419,HRL,2024032705000859,52,88,50.00,607.00,"30,350.00",2024-03-27
420,HRL,2024032705000860,3,88,30.00,607.00,"18,210.00",2024-03-27
421,HRL,2024032705000861,36,88,199.00,607.00,"120,793.00",2024-03-27
422,HRL,2024032705000862,26,88,150.00,607.00,"91,050.00",2024-03-27
423,HRL,2024032705000863,34,88,43.00,607.00,"26,101.00",2024-03-27
424,HRL,2024032705000864,7,34,10.00,607.00,"6,070.00",2024-03-27
425,HRL,2024032705000866,28,34,10.00,607.00,"6,070.00",2024-03-27
426,HRL,2024032705000867,28,58,20.00,607.00,"12,140.00",2024-03-27
427,HRL,2024032705000868,28,13,10.00,607.00,"6,070.00",2024-03-27
428,HRL,2024032705000873,71,41,10.00,609.00,"6,090.00",2024-03-27
429,HRL,2024032705000874,28,42,10.00,607.00,"6,070.00",2024-03-27
430,HRL,2024032705000875,55,57,10.00,608.00,"6,080.00",2024-03-27
431,HRL,2024032705000880,28,58,10.00,607.00,"6,070.00",2024-03-27
432,HRL,2024032705000885,16,59,10.00,607.10,"6,071.00",2024-03-27
433,HRL,2024032705000888,16,49,10.00,607.10,"6,071.00",2024-03-27
434,HRL,2024032705000889,16,48,10.00,607.10,"6,071.00",2024-03-27
435,HRL,2024032705000890,16,52,10.00,607.10,"6,071.00",2024-03-27
436,HRL,2024032705000891,16,55,10.00,607.10,"6,071.00",2024-03-27
437,HRL,2024032705000895,42,49,10.00,607.50,"6,075.00",2024-03-27
438,HRL,2024032705000898,25,58,30.00,608.00,"18,240.00",2024-03-27
439,HRL,2024032705000900,42,45,20.00,607.50,"12,150.00",2024-03-27
440,HRL,2024032705000901,42,14,10.00,607.50,"6,075.00",2024-03-27
441,HRL,2024032705000904,42,28,10.00,607.50,"6,075.00",2024-03-27
442,HRL,2024032705000909,34,48,20.00,607.50,"12,150.00",2024-03-27
443,HRL,2024032705000910,34,58,20.00,607.50,"12,150.00",2024-03-27
444,HRL,2024032705000911,34,34,10.00,607.50,"6,075.00",2024-03-27
445,HRL,2024032705000913,16,44,10.00,607.10,"6,071.00",2024-03-27
446,HRL,2024032705000915,42,6,10.00,607.50,"6,075.00",2024-03-27
447,HRL,2024032705000917,3,6,10.00,608.00,"6,080.00",2024-03-27
448,HRL,2024032705000918,3,35,10.00,608.00,"6,080.00",2024-03-27
449,HRL,2024032705000919,3,42,10.00,608.00,"6,080.00",2024-03-27
450,HRL,2024032705000922,42,36,10.00,607.50,"6,075.00",2024-03-27
451,HRL,2024032705000923,42,38,20.00,607.50,"12,150.00",2024-03-27
452,HRL,2024032705000929,5,58,10.00,608.00,"6,080.00",2024-03-27
453,HRL,2024032705000935,5,43,10.00,608.00,"6,080.00",2024-03-27
454,HRL,2024032705000936,16,21,20.00,607.70,"12,154.00",2024-03-27
455,HRL,2024032705000937,16,13,10.00,607.70,"6,077.00",2024-03-27
456,HRL,2024032705000939,5,48,10.00,608.00,"6,080.00",2024-03-27
457,HRL,2024032705000940,5,55,10.00,608.00,"6,080.00",2024-03-27
458,HRL,2024032705000943,16,55,20.00,607.70,"12,154.00",2024-03-27
459,HRL,2024032705000945,16,55,10.00,607.70,"6,077.00",2024-03-27
460,HRL,2024032705000953,16,35,20.00,607.70,"12,154.00",2024-03-27
461,HRL,2024032705000954,16,55,20.00,607.70,"12,154.00",2024-03-27
462,HRL,2024032705000961,34,35,10.00,608.00,"6,080.00",2024-03-27
463,HRL,2024032705000965,34,11,10.00,608.00,"6,080.00",2024-03-27
464,HRL,2024032705000967,34,49,20.00,608.00,"12,160.00",2024-03-27
465,HRL,2024032705000969,34,58,10.00,608.00,"6,080.00",2024-03-27
466,HRL,2024032705000970,16,35,10.00,607.70,"6,077.00",2024-03-27
467,HRL,2024032705000975,16,1,20.00,607.70,"12,154.00",2024-03-27
468,HRL,2024032705000980,50,21,10.00,608.00,"6,080.00",2024-03-27
469,HRL,2024032705000983,50,56,10.00,608.00,"6,080.00",2024-03-27
470,HRL,2024032705000986,50,55,20.00,608.00,"12,160.00",2024-03-27
471,HRL,2024032705000987,50,55,10.00,608.00,"6,080.00",2024-03-27
472,HRL,2024032705000989,50,14,30.00,608.00,"18,240.00",2024-03-27
473,HRL,2024032705000991,58,38,10.00,609.00,"6,090.00",2024-03-27
474,HRL,2024032705001000,76,45,10.00,608.00,"6,080.00",2024-03-27
475,HRL,2024032705001004,16,6,10.00,607.70,"6,077.00",2024-03-27
476,HRL,2024032705001012,49,58,10.00,609.00,"6,090.00",2024-03-27
477,HRL,2024032705001013,49,58,10.00,609.00,"6,090.00",2024-03-27
478,HRL,2024032705001014,49,49,10.00,609.00,"6,090.00",2024-03-27
479,HRL,2024032705001015,49,39,50.00,609.00,"30,450.00",2024-03-27
480,HRL,2024032705001016,49,26,10.00,609.00,"6,090.00",2024-03-27
481,HRL,2024032705001017,49,45,10.00,609.00,"6,090.00",2024-03-27
482,HRL,2024032705001019,16,52,10.00,607.70,"6,077.00",2024-03-27
483,HRL,2024032705001021,16,22,10.00,607.70,"6,077.00",2024-03-27
484,HRL,2024032705001025,39,11,20.00,607.70,"12,154.00",2024-03-27
485,HRL,2024032705001027,39,48,10.00,607.70,"6,077.00",2024-03-27
486,HRL,2024032705001028,76,48,50.00,607.70,"30,385.00",2024-03-27
487,HRL,2024032705001029,22,48,95.00,607.70,"57,731.50",2024-03-27
488,HRL,2024032705001030,42,48,10.00,607.50,"6,075.00",2024-03-27
489,HRL,2024032705001031,5,48,100.00,607.20,"60,720.00",2024-03-27
490,HRL,2024032705001032,19,48,30.00,607.10,"18,213.00",2024-03-27
491,HRL,2024032705001033,1,48,145.00,607.10,"88,029.50",2024-03-27
492,HRL,2024032705001037,1,58,10.00,607.10,"6,071.00",2024-03-27
493,HRL,2024032705001042,1,6,10.00,607.10,"6,071.00",2024-03-27
494,HRL,2024032705001044,1,6,10.00,607.10,"6,071.00",2024-03-27
495,HRL,2024032705001045,1,58,20.00,607.10,"12,142.00",2024-03-27
496,HRL,2024032705001047,3,35,10.00,608.00,"6,080.00",2024-03-27
497,HRL,2024032705001048,3,4,10.00,608.00,"6,080.00",2024-03-27
498,HRL,2024032705001049,3,75,10.00,608.00,"6,080.00",2024-03-27
499,HRL,2024032705001050,3,49,20.00,608.00,"12,160.00",2024-03-27
500,HRL,2024032705001062,58,11,10.00,607.10,"6,071.00",2024-03-27
501,HRL,2024032705001064,58,13,10.00,607.10,"6,071.00",2024-03-27
502,HRL,2024032705001065,58,22,10.00,607.10,"6,071.00",2024-03-27
503,HRL,2024032705001066,66,38,10.00,607.10,"6,071.00",2024-03-27
504,HRL,2024032705001067,66,32,10.00,607.10,"6,071.00",2024-03-27
505,HRL,2024032705001068,28,32,20.00,607.00,"12,140.00",2024-03-27
506,HRL,2024032705001069,1,20,10.00,607.10,"6,071.00",2024-03-27
507,HRL,2024032705001072,28,38,10.00,607.00,"6,070.00",2024-03-27
508,HRL,2024032705001077,28,38,10.00,607.00,"6,070.00",2024-03-27
509,HRL,2024032705001080,28,51,10.00,607.00,"6,070.00",2024-03-27
510,HRL,2024032705001082,28,7,10.00,607.00,"6,070.00",2024-03-27
511,HRL,2024032705001086,1,42,10.00,607.10,"6,071.00",2024-03-27
512,HRL,2024032705001087,28,58,20.00,607.00,"12,140.00",2024-03-27
513,HRL,2024032705001089,28,11,10.00,607.00,"6,070.00",2024-03-27
514,HRL,2024032705001093,28,21,10.00,607.00,"6,070.00",2024-03-27
515,HRL,2024032705001094,28,6,20.00,607.00,"12,140.00",2024-03-27
516,HRL,2024032705001096,58,22,20.00,607.10,"12,142.00",2024-03-27
517,HRL,2024032705001097,58,7,10.00,607.10,"6,071.00",2024-03-27
518,HRL,2024032705001099,58,10,10.00,607.10,"6,071.00",2024-03-27
519,HRL,2024032705001100,22,58,10.00,608.00,"6,080.00",2024-03-27
520,HRL,2024032705001101,58,38,10.00,607.10,"6,071.00",2024-03-27
521,HRL,2024032705001102,58,17,50.00,607.10,"30,355.00",2024-03-27
522,HRL,2024032705001103,28,17,20.00,607.00,"12,140.00",2024-03-27
523,HRL,2024032705001104,56,17,75.00,607.00,"45,525.00",2024-03-27
524,HRL,2024032705001105,44,17,20.00,607.00,"12,140.00",2024-03-27
525,HRL,2024032705001106,35,17,48.00,607.00,"29,136.00",2024-03-27
526,HRL,2024032705001107,52,17,10.00,607.00,"6,070.00",2024-03-27
527,HRL,2024032705001108,52,17,25.00,607.00,"15,175.00",2024-03-27
528,HRL,2024032705001109,36,17,100.00,607.00,"60,700.00",2024-03-27
529,HRL,2024032705001110,1,17,30.00,607.00,"18,210.00",2024-03-27
530,HRL,2024032705001111,76,17,50.00,607.00,"30,350.00",2024-03-27
531,HRL,2024032705001112,54,17,40.00,607.00,"24,280.00",2024-03-27
532,HRL,2024032705001113,47,17,50.00,607.00,"30,350.00",2024-03-27
533,HRL,2024032705001114,5,17,60.00,607.00,"36,420.00",2024-03-27
534,HRL,2024032705001115,38,21,10.00,606.80,"6,068.00",2024-03-27
535,HRL,2024032705001117,38,38,10.00,606.80,"6,068.00",2024-03-27
536,HRL,2024032705001119,38,34,10.00,606.80,"6,068.00",2024-03-27
537,HRL,2024032705001121,38,7,10.00,606.80,"6,068.00",2024-03-27
538,HRL,2024032705001122,38,25,10.00,606.80,"6,068.00",2024-03-27
539,HRL,2024032705001130,76,49,30.00,606.70,"18,201.00",2024-03-27
540,HRL,2024032705001131,76,52,10.00,606.70,"6,067.00",2024-03-27
541,HRL,2024032705001144,76,29,10.00,606.70,"6,067.00",2024-03-27
542,HRL,2024032705001145,17,17,20.00,606.90,"12,138.00",2024-03-27
543,HRL,2024032705001146,69,52,10.00,606.70,"6,067.00",2024-03-27
544,HRL,2024032705001148,69,7,10.00,606.70,"6,067.00",2024-03-27
545,HRL,2024032705001151,32,52,10.00,606.60,"6,066.00",2024-03-27
546,HRL,2024032705001152,32,48,20.00,606.60,"12,132.00",2024-03-27
547,HRL,2024032705001155,32,20,10.00,606.60,"6,066.00",2024-03-27
548,HRL,2024032705001157,32,19,30.00,606.60,"18,198.00",2024-03-27
549,HRL,2024032705001158,32,1,10.00,606.60,"6,066.00",2024-03-27
550,HRL,2024032705001159,32,4,20.00,606.60,"12,132.00",2024-03-27
551,HRL,2024032705001164,32,38,10.00,606.60,"6,066.00",2024-03-27
552,HRL,2024032705001165,5,58,30.00,606.70,"18,201.00",2024-03-27
553,HRL,2024032705001167,32,42,10.00,606.60,"6,066.00",2024-03-27
554,HRL,2024032705001168,32,62,10.00,606.60,"6,066.00",2024-03-27
555,HRL,2024032705001171,32,55,10.00,606.60,"6,066.00",2024-03-27
556,HRL,2024032705001176,14,17,22.00,607.00,"13,354.00",2024-03-27
557,HRL,2024032705001177,14,49,10.00,607.00,"6,070.00",2024-03-27
558,HRL,2024032705001178,14,56,30.00,607.00,"18,210.00",2024-03-27
559,HRL,2024032705001179,14,52,15.00,607.00,"9,105.00",2024-03-27
560,HRL,2024032705001180,14,43,10.00,607.00,"6,070.00",2024-03-27
561,HRL,2024032705001183,14,56,10.00,607.00,"6,070.00",2024-03-27
562,HRL,2024032705001185,58,53,10.00,607.00,"6,070.00",2024-03-27
563,HRL,2024032705001186,58,42,10.00,607.00,"6,070.00",2024-03-27
564,HRL,2024032705001195,48,34,10.00,607.10,"6,071.00",2024-03-27
565,HRL,2024032705001198,48,42,10.00,607.10,"6,071.00",2024-03-27
566,HRL,2024032705001200,48,38,10.00,607.10,"6,071.00",2024-03-27
567,HRL,2024032705001203,48,51,10.00,607.10,"6,071.00",2024-03-27
568,HRL,2024032705001207,48,35,10.00,607.10,"6,071.00",2024-03-27
569,HRL,2024032705001209,48,4,15.00,607.10,"9,106.50",2024-03-27
570,HRL,2024032705001213,48,58,10.00,607.10,"6,071.00",2024-03-27
571,HRL,2024032705001214,48,29,10.00,607.10,"6,071.00",2024-03-27
572,HRL,2024032705001217,38,29,10.00,607.20,"6,072.00",2024-03-27
573,HRL,2024032705001219,38,16,20.00,607.20,"12,144.00",2024-03-27
574,HRL,2024032705001222,38,58,10.00,607.20,"6,072.00",2024-03-27
575,HRL,2024032705001223,38,29,10.00,607.20,"6,072.00",2024-03-27
576,HRL,2024032705001225,38,77,20.00,607.20,"12,144.00",2024-03-27
577,HRL,2024032705001227,55,52,10.00,608.00,"6,080.00",2024-03-27
578,HRL,2024032705001228,55,35,10.00,608.00,"6,080.00",2024-03-27
579,HRL,2024032705001229,55,57,20.00,608.00,"12,160.00",2024-03-27
580,HRL,2024032705001230,55,62,10.00,608.00,"6,080.00",2024-03-27
581,HRL,2024032705001231,55,45,30.00,608.00,"18,240.00",2024-03-27
582,HRL,2024032705001236,38,25,135.00,607.20,"81,972.00",2024-03-27
583,HRL,2024032705001237,48,25,115.00,607.10,"69,816.50",2024-03-27
584,HRL,2024032705001238,38,25,80.00,607.00,"48,560.00",2024-03-27
585,HRL,2024032705001239,33,25,70.00,607.00,"42,490.00",2024-03-27
586,HRL,2024032705001245,25,38,10.00,606.80,"6,068.00",2024-03-27
587,HRL,2024032705001246,58,38,10.00,606.50,"6,065.00",2024-03-27
588,HRL,2024032705001248,58,48,20.00,606.50,"12,130.00",2024-03-27
589,HRL,2024032705001251,58,29,10.00,606.50,"6,065.00",2024-03-27
590,HRL,2024032705001254,48,44,10.00,607.00,"6,070.00",2024-03-27
591,HRL,2024032705001256,41,55,10.00,606.60,"6,066.00",2024-03-27
592,HRL,2024032705001258,41,34,10.00,606.60,"6,066.00",2024-03-27
593,HRL,2024032705001259,52,45,20.00,607.00,"12,140.00",2024-03-27
594,HRL,2024032705001260,38,29,10.00,606.70,"6,067.00",2024-03-27
595,HRL,2024032705001263,32,29,10.00,607.00,"6,070.00",2024-03-27
596,HRL,2024032705001264,32,49,90.00,607.00,"54,630.00",2024-03-27
597,HRL,2024032705001265,41,49,10.00,606.60,"6,066.00",2024-03-27
598,HRL,2024032705001266,58,52,10.00,607.00,"6,070.00",2024-03-27
599,HRL,2024032705001267,3,58,10.00,606.70,"6,067.00",2024-03-27
600,HRL,2024032705001268,3,38,10.00,606.70,"6,067.00",2024-03-27
601,HRL,2024032705001271,3,38,10.00,606.70,"6,067.00",2024-03-27
602,HRL,2024032705001276,3,39,20.00,606.70,"12,134.00",2024-03-27
603,HRL,2024032705001278,3,34,10.00,606.70,"6,067.00",2024-03-27
604,HRL,2024032705001284,3,18,20.00,606.70,"12,134.00",2024-03-27
605,HRL,2024032705001286,3,39,30.00,606.70,"18,201.00",2024-03-27
606,HRL,2024032705001287,3,52,10.00,606.70,"6,067.00",2024-03-27
607,HRL,2024032705001288,3,25,80.00,606.70,"48,536.00",2024-03-27
608,HRL,2024032705001289,41,25,20.00,606.60,"12,132.00",2024-03-27
609,HRL,2024032705001290,58,25,510.00,606.50,"309,315.00",2024-03-27
610,HRL,2024032705001291,41,25,100.00,606.50,"60,650.00",2024-03-27
611,HRL,2024032705001292,58,25,280.00,606.50,"169,820.00",2024-03-27
612,HRL,2024032705001293,55,25,"4,010.00",606.50,"2,432,065.00",2024-03-27
613,HRL,2024032705001294,55,29,10.00,606.50,"6,065.00",2024-03-27
614,HRL,2024032705001303,39,34,10.00,606.60,"6,066.00",2024-03-27
615,HRL,2024032705001304,39,34,10.00,606.60,"6,066.00",2024-03-27
616,HRL,2024032705001308,39,7,10.00,606.60,"6,066.00",2024-03-27
617,HRL,2024032705001310,55,22,10.00,606.50,"6,065.00",2024-03-27
618,HRL,2024032705001317,55,16,100.00,606.50,"60,650.00",2024-03-27
619,HRL,2024032705001320,76,7,10.00,606.60,"6,066.00",2024-03-27
620,HRL,2024032705001321,55,25,500.00,606.50,"303,250.00",2024-03-27
621,HRL,2024032705001322,55,29,10.00,606.50,"6,065.00",2024-03-27
622,HRL,2024032705001324,55,18,10.00,606.50,"6,065.00",2024-03-27
623,HRL,2024032705001325,55,4,10.00,606.50,"6,065.00",2024-03-27
624,HRL,2024032705001326,55,65,20.00,606.50,"12,130.00",2024-03-27
625,HRL,2024032705001328,55,65,170.00,606.50,"103,105.00",2024-03-27
626,HRL,2024032705001330,55,45,10.00,606.50,"6,065.00",2024-03-27
627,HRL,2024032705001332,55,58,20.00,606.50,"12,130.00",2024-03-27
628,HRL,2024032705001333,55,26,10.00,606.50,"6,065.00",2024-03-27
629,HRL,2024032705001334,42,65,10.00,606.50,"6,065.00",2024-03-27
630,HRL,2024032705001335,34,58,10.00,606.50,"6,065.00",2024-03-27
631,HRL,2024032705001336,34,58,10.00,606.50,"6,065.00",2024-03-27
632,HRL,2024032705001338,68,4,10.00,606.30,"6,063.00",2024-03-27
633,HRL,2024032705001339,16,57,10.00,606.30,"6,063.00",2024-03-27
634,HRL,2024032705001343,39,39,20.00,606.60,"12,132.00",2024-03-27
635,HRL,2024032705001345,39,58,10.00,606.60,"6,066.00",2024-03-27
636,HRL,2024032705001347,39,44,20.00,606.60,"12,132.00",2024-03-27
637,HRL,2024032705001348,39,32,10.00,606.60,"6,066.00",2024-03-27
638,HRL,2024032705001350,39,35,20.00,606.60,"12,132.00",2024-03-27
639,HRL,2024032705001351,39,34,10.00,606.60,"6,066.00",2024-03-27
640,HRL,2024032705001352,39,49,10.00,606.60,"6,066.00",2024-03-27
641,HRL,2024032705001354,57,42,10.00,606.20,"6,062.00",2024-03-27
642,HRL,2024032705001355,57,55,10.00,606.20,"6,062.00",2024-03-27
643,HRL,2024032705001356,57,32,10.00,606.20,"6,062.00",2024-03-27
644,HRL,2024032705001359,57,4,10.00,606.20,"6,062.00",2024-03-27
645,HRL,2024032705001360,57,4,10.00,606.20,"6,062.00",2024-03-27
646,HRL,2024032705001361,57,45,20.00,606.20,"12,124.00",2024-03-27
647,HRL,2024032705001362,57,29,20.00,606.20,"12,124.00",2024-03-27
648,HRL,2024032705001373,57,38,20.00,606.20,"12,124.00",2024-03-27
649,HRL,2024032705001374,57,58,10.00,606.20,"6,062.00",2024-03-27
650,HRL,2024032705001376,57,21,20.00,606.20,"12,124.00",2024-03-27
651,HRL,2024032705001377,1,21,20.00,606.20,"12,124.00",2024-03-27
652,HRL,2024032705001379,41,44,10.00,607.00,"6,070.00",2024-03-27
653,HRL,2024032705001380,41,41,10.00,607.00,"6,070.00",2024-03-27
654,HRL,2024032705001381,41,11,20.00,607.00,"12,140.00",2024-03-27
655,HRL,2024032705001382,41,4,10.00,607.00,"6,070.00",2024-03-27
656,HRL,2024032705001383,41,58,10.00,607.00,"6,070.00",2024-03-27
657,HRL,2024032705001384,41,68,10.00,607.00,"6,070.00",2024-03-27
658,HRL,2024032705001396,1,58,20.00,606.20,"12,124.00",2024-03-27
659,HRL,2024032705001397,1,43,10.00,606.20,"6,062.00",2024-03-27
660,HRL,2024032705001398,3,43,10.00,606.20,"6,062.00",2024-03-27
661,HRL,2024032705001399,3,58,10.00,606.20,"6,062.00",2024-03-27
662,HRL,2024032705001401,3,21,10.00,606.20,"6,062.00",2024-03-27
663,HRL,2024032705001405,3,35,10.00,606.20,"6,062.00",2024-03-27
664,HRL,2024032705001409,3,38,10.00,606.20,"6,062.00",2024-03-27
665,HRL,2024032705001410,3,52,10.00,606.20,"6,062.00",2024-03-27
666,HRL,2024032705001412,3,58,20.00,606.20,"12,124.00",2024-03-27
667,HRL,2024032705001413,41,51,10.00,607.00,"6,070.00",2024-03-27
668,HRL,2024032705001414,41,34,48.00,607.00,"29,136.00",2024-03-27
669,HRL,2024032705001428,1,34,140.00,607.00,"84,980.00",2024-03-27
670,HRL,2024032705001429,1,58,60.00,607.00,"36,420.00",2024-03-27
671,HRL,2024032705001430,3,58,10.00,606.20,"6,062.00",2024-03-27
672,HRL,2024032705001431,3,17,10.00,606.20,"6,062.00",2024-03-27
673,HRL,2024032705001436,3,58,100.00,606.20,"60,620.00",2024-03-27
674,HRL,2024032705001437,55,58,32.00,606.20,"19,398.40",2024-03-27
675,HRL,2024032705001438,42,58,70.00,606.20,"42,434.00",2024-03-27
676,HRL,2024032705001439,32,58,23.00,606.10,"13,940.30",2024-03-27
677,HRL,2024032705001441,32,91,30.00,606.10,"18,183.00",2024-03-27
678,HRL,2024032705001442,32,45,107.00,606.10,"64,852.70",2024-03-27
679,HRL,2024032705001443,32,45,180.00,606.10,"109,098.00",2024-03-27
680,HRL,2024032705001444,39,45,20.00,606.10,"12,122.00",2024-03-27
681,HRL,2024032705001445,4,45,100.00,606.10,"60,610.00",2024-03-27
682,HRL,2024032705001446,49,45,10.00,606.10,"6,061.00",2024-03-27
683,HRL,2024032705001447,49,7,10.00,606.00,"6,060.00",2024-03-27
684,HRL,2024032705001448,6,7,10.00,606.00,"6,060.00",2024-03-27
685,HRL,2024032705001454,6,46,10.00,606.00,"6,060.00",2024-03-27
686,HRL,2024032705001456,17,45,70.00,606.10,"42,427.00",2024-03-27
687,HRL,2024032705001457,6,38,10.00,606.00,"6,060.00",2024-03-27
688,HRL,2024032705001458,6,38,10.00,606.00,"6,060.00",2024-03-27
689,HRL,2024032705001461,6,3,10.00,606.00,"6,060.00",2024-03-27
690,HRL,2024032705001462,17,57,10.00,606.30,"6,063.00",2024-03-27
691,HRL,2024032705001464,6,66,50.00,606.00,"30,300.00",2024-03-27
692,HRL,2024032705001465,42,66,105.00,606.00,"63,630.00",2024-03-27
693,HRL,2024032705001469,14,42,10.00,606.30,"6,063.00",2024-03-27
694,HRL,2024032705001472,8,42,10.00,606.10,"6,061.00",2024-03-27
695,HRL,2024032705001474,8,16,30.00,606.10,"18,183.00",2024-03-27
696,HRL,2024032705001475,41,16,10.00,606.10,"6,061.00",2024-03-27
697,HRL,2024032705001476,10,16,10.00,606.10,"6,061.00",2024-03-27
698,HRL,2024032705001477,17,35,10.00,607.00,"6,070.00",2024-03-27
699,HRL,2024032705001479,74,38,20.00,607.00,"12,140.00",2024-03-27
700,HRL,2024032705001480,74,29,10.00,607.00,"6,070.00",2024-03-27
701,HRL,2024032705001481,74,43,10.00,607.00,"6,070.00",2024-03-27
702,HRL,2024032705001482,74,35,10.00,607.00,"6,070.00",2024-03-27
703,HRL,2024032705001483,74,57,20.00,607.00,"12,140.00",2024-03-27
704,HRL,2024032705001484,74,57,20.00,607.00,"12,140.00",2024-03-27
705,HRL,2024032705001486,74,11,10.00,607.00,"6,070.00",2024-03-27
706,HRL,2024032705001490,41,38,10.00,606.10,"6,061.00",2024-03-27
707,HRL,2024032705001513,58,4,10.00,606.10,"6,061.00",2024-03-27
708,HRL,2024032705001514,58,25,10.00,606.10,"6,061.00",2024-03-27
709,HRL,2024032705001516,41,40,30.00,607.00,"18,210.00",2024-03-27
710,HRL,2024032705001527,33,35,10.00,606.50,"6,065.00",2024-03-27
711,HRL,2024032705001528,33,58,20.00,606.50,"12,130.00",2024-03-27
712,HRL,2024032705001533,58,38,10.00,606.20,"6,062.00",2024-03-27
713,HRL,2024032705001541,58,25,10.00,606.20,"6,062.00",2024-03-27
714,HRL,2024032705001542,58,35,10.00,606.20,"6,062.00",2024-03-27
715,HRL,2024032705001543,58,32,10.00,606.10,"6,061.00",2024-03-27
716,HRL,2024032705001545,58,58,10.00,606.10,"6,061.00",2024-03-27
717,HRL,2024032705001546,58,60,20.00,606.10,"12,122.00",2024-03-27
718,HRL,2024032705001549,58,29,20.00,606.10,"12,122.00",2024-03-27
719,HRL,2024032705001550,58,45,20.00,606.10,"12,122.00",2024-03-27
720,HRL,2024032705001551,41,35,10.00,606.10,"6,061.00",2024-03-27
721,HRL,2024032705001554,5,35,10.00,606.10,"6,061.00",2024-03-27
722,HRL,2024032705001561,42,26,10.00,606.00,"6,060.00",2024-03-27
723,HRL,2024032705001562,42,45,10.00,606.00,"6,060.00",2024-03-27
724,HRL,2024032705001563,7,49,10.00,606.10,"6,061.00",2024-03-27
725,HRL,2024032705001565,5,6,10.00,606.50,"6,065.00",2024-03-27
726,HRL,2024032705001566,5,42,10.00,606.50,"6,065.00",2024-03-27
727,HRL,2024032705001567,7,38,20.00,606.10,"12,122.00",2024-03-27
728,HRL,2024032705001569,7,39,20.00,606.10,"12,122.00",2024-03-27
729,HRL,2024032705001570,7,7,20.00,606.10,"12,122.00",2024-03-27
730,HRL,2024032705001573,7,42,10.00,606.10,"6,061.00",2024-03-27
731,HRL,2024032705001574,7,51,20.00,606.10,"12,122.00",2024-03-27
732,HRL,2024032705001575,42,51,40.00,606.00,"24,240.00",2024-03-27
733,HRL,2024032705001576,41,51,33.00,606.00,"19,998.00",2024-03-27
734,HRL,2024032705001577,34,26,10.00,606.00,"6,060.00",2024-03-27
735,HRL,2024032705001579,34,55,10.00,606.00,"6,060.00",2024-03-27
736,HRL,2024032705001586,57,22,30.00,606.10,"18,183.00",2024-03-27
737,HRL,2024032705001587,57,35,20.00,606.10,"12,122.00",2024-03-27
738,HRL,2024032705001588,34,22,20.00,606.00,"12,120.00",2024-03-27
739,HRL,2024032705001590,34,22,10.00,606.00,"6,060.00",2024-03-27
740,HRL,2024032705001591,34,7,10.00,606.00,"6,060.00",2024-03-27
741,HRL,2024032705001592,34,49,10.00,606.00,"6,060.00",2024-03-27
742,HRL,2024032705001594,51,38,10.00,606.10,"6,061.00",2024-03-27
743,HRL,2024032705001595,51,26,10.00,606.10,"6,061.00",2024-03-27
744,HRL,2024032705001598,51,43,10.00,606.10,"6,061.00",2024-03-27
745,HRL,2024032705001599,51,58,10.00,606.10,"6,061.00",2024-03-27
746,HRL,2024032705001600,51,54,10.00,606.10,"6,061.00",2024-03-27
747,HRL,2024032705001601,10,58,16.00,606.10,"9,697.60",2024-03-27
748,HRL,2024032705001602,34,58,154.00,606.00,"93,324.00",2024-03-27
749,HRL,2024032705001603,65,36,40.00,606.90,"24,276.00",2024-03-27
750,HRL,2024032705001604,34,32,20.00,606.00,"12,120.00",2024-03-27
751,HRL,2024032705001606,34,4,10.00,606.00,"6,060.00",2024-03-27
752,HRL,2024032705001607,34,45,10.00,606.00,"6,060.00",2024-03-27
753,HRL,2024032705001614,34,7,10.00,606.00,"6,060.00",2024-03-27
754,HRL,2024032705001618,52,7,10.00,606.10,"6,061.00",2024-03-27
755,HRL,2024032705001619,52,3,10.00,606.10,"6,061.00",2024-03-27
756,HRL,2024032705001620,52,34,30.00,606.10,"18,183.00",2024-03-27
757,HRL,2024032705001626,52,40,10.00,606.10,"6,061.00",2024-03-27
758,HRL,2024032705001627,52,38,20.00,606.10,"12,122.00",2024-03-27
759,HRL,2024032705001628,52,7,20.00,606.10,"12,122.00",2024-03-27
760,HRL,2024032705001629,21,59,10.00,607.00,"6,070.00",2024-03-27
761,HRL,2024032705001630,21,49,20.00,607.00,"12,140.00",2024-03-27
762,HRL,2024032705001631,21,49,20.00,607.00,"12,140.00",2024-03-27
763,HRL,2024032705001632,21,6,20.00,607.00,"12,140.00",2024-03-27
764,HRL,2024032705001633,21,36,10.00,607.00,"6,070.00",2024-03-27
765,HRL,2024032705001634,21,26,20.00,607.00,"12,140.00",2024-03-27
766,HRL,2024032705001635,34,32,20.00,606.00,"12,120.00",2024-03-27
767,HRL,2024032705001636,34,43,20.00,606.00,"12,120.00",2024-03-27
768,HRL,2024032705001640,35,58,10.00,606.10,"6,061.00",2024-03-27
769,HRL,2024032705001641,52,88,100.00,606.10,"60,610.00",2024-03-27
770,HRL,2024032705001642,34,88,186.00,606.00,"112,716.00",2024-03-27
771,HRL,2024032705001643,42,88,30.00,606.00,"18,180.00",2024-03-27
772,HRL,2024032705001644,34,88,500.00,606.00,"303,000.00",2024-03-27
773,HRL,2024032705001645,34,88,50.00,606.00,"30,300.00",2024-03-27
774,HRL,2024032705001646,41,88,500.00,606.00,"303,000.00",2024-03-27
775,HRL,2024032705001647,1,88,200.00,606.00,"121,200.00",2024-03-27
776,HRL,2024032705001648,35,88,100.00,606.00,"60,600.00",2024-03-27
777,HRL,2024032705001649,58,88,15.00,606.00,"9,090.00",2024-03-27
778,HRL,2024032705001650,28,88,100.00,606.00,"60,600.00",2024-03-27
779,HRL,2024032705001651,59,88,60.00,606.00,"36,360.00",2024-03-27
780,HRL,2024032705001652,42,88,50.00,606.00,"30,300.00",2024-03-27
781,HRL,2024032705001653,39,88,100.00,606.00,"60,600.00",2024-03-27
782,HRL,2024032705001654,1,88,100.00,606.00,"60,600.00",2024-03-27
783,HRL,2024032705001655,7,88,80.00,606.00,"48,480.00",2024-03-27
784,HRL,2024032705001656,14,88,80.00,606.00,"48,480.00",2024-03-27
785,HRL,2024032705001657,34,88,150.00,606.00,"90,900.00",2024-03-27
786,HRL,2024032705001658,8,88,"1,225.00",606.00,"742,350.00",2024-03-27
787,HRL,2024032705001659,7,88,50.00,606.00,"30,300.00",2024-03-27
788,HRL,2024032705001660,49,88,100.00,606.00,"60,600.00",2024-03-27
789,HRL,2024032705001661,49,88,190.00,606.00,"115,140.00",2024-03-27
790,HRL,2024032705001664,26,49,10.00,606.20,"6,062.00",2024-03-27
791,HRL,2024032705001670,26,49,30.00,606.20,"18,186.00",2024-03-27
792,HRL,2024032705001673,49,45,10.00,606.00,"6,060.00",2024-03-27
793,HRL,2024032705001676,49,41,10.00,606.00,"6,060.00",2024-03-27
794,HRL,2024032705001677,49,88,80.00,606.00,"48,480.00",2024-03-27
795,HRL,2024032705001679,76,22,20.00,605.90,"12,118.00",2024-03-27
796,HRL,2024032705001682,76,22,10.00,605.90,"6,059.00",2024-03-27
797,HRL,2024032705001687,45,38,10.00,606.00,"6,060.00",2024-03-27
798,HRL,2024032705001688,76,55,10.00,605.90,"6,059.00",2024-03-27
799,HRL,2024032705001691,38,58,10.00,605.60,"6,056.00",2024-03-27
800,HRL,2024032705001692,38,46,20.00,605.60,"12,112.00",2024-03-27
801,HRL,2024032705001694,38,49,10.00,605.60,"6,056.00",2024-03-27
802,HRL,2024032705001695,38,58,10.00,605.60,"6,056.00",2024-03-27
803,HRL,2024032705001697,38,28,10.00,605.60,"6,056.00",2024-03-27
804,HRL,2024032705001698,35,55,10.00,605.90,"6,059.00",2024-03-27
805,HRL,2024032705001699,35,58,10.00,605.90,"6,059.00",2024-03-27
806,HRL,2024032705001700,35,58,10.00,605.90,"6,059.00",2024-03-27
807,HRL,2024032705001701,35,22,10.00,605.90,"6,059.00",2024-03-27
808,HRL,2024032705001702,38,22,20.00,605.60,"12,112.00",2024-03-27
809,HRL,2024032705001703,38,58,10.00,605.60,"6,056.00",2024-03-27
810,HRL,2024032705001705,38,45,10.00,605.60,"6,056.00",2024-03-27
811,HRL,2024032705001706,14,49,10.00,606.00,"6,060.00",2024-03-27
812,HRL,2024032705001707,38,58,10.00,605.60,"6,056.00",2024-03-27
813,HRL,2024032705001708,38,49,10.00,605.60,"6,056.00",2024-03-27
814,HRL,2024032705001712,38,11,20.00,605.60,"12,112.00",2024-03-27
815,HRL,2024032705001715,38,47,10.00,605.60,"6,056.00",2024-03-27
816,HRL,2024032705001718,26,55,10.00,606.00,"6,060.00",2024-03-27
817,HRL,2024032705001719,26,7,10.00,606.00,"6,060.00",2024-03-27
818,HRL,2024032705001720,38,7,10.00,605.60,"6,056.00",2024-03-27
819,HRL,2024032705001722,38,8,10.00,605.60,"6,056.00",2024-03-27
820,HRL,2024032705001726,35,21,10.00,606.00,"6,060.00",2024-03-27
821,HRL,2024032705001727,49,58,10.00,605.70,"6,057.00",2024-03-27
822,HRL,2024032705001728,38,58,10.00,605.60,"6,056.00",2024-03-27
823,HRL,2024032705001732,38,46,20.00,605.60,"12,112.00",2024-03-27
824,HRL,2024032705001733,58,58,10.00,605.70,"6,057.00",2024-03-27
825,HRL,2024032705001736,58,58,10.00,605.70,"6,057.00",2024-03-27
826,HRL,2024032705001737,35,58,10.00,605.70,"6,057.00",2024-03-27
827,HRL,2024032705001738,49,58,10.00,605.70,"6,057.00",2024-03-27
828,HRL,2024032705001746,43,38,10.00,605.60,"6,056.00",2024-03-27
829,HRL,2024032705001751,43,57,20.00,605.60,"12,112.00",2024-03-27
830,HRL,2024032705001752,43,58,10.00,605.60,"6,056.00",2024-03-27
831,HRL,2024032705001753,43,6,10.00,605.60,"6,056.00",2024-03-27
832,HRL,2024032705001754,43,1,50.00,605.60,"30,280.00",2024-03-27
833,HRL,2024032705001755,50,1,150.00,605.50,"90,825.00",2024-03-27
834,HRL,2024032705001756,56,21,10.00,606.00,"6,060.00",2024-03-27
835,HRL,2024032705001757,56,35,10.00,606.00,"6,060.00",2024-03-27
836,HRL,2024032705001758,50,19,10.00,605.50,"6,055.00",2024-03-27
837,HRL,2024032705001759,49,58,10.00,605.60,"6,056.00",2024-03-27
838,HRL,2024032705001760,50,22,10.00,605.50,"6,055.00",2024-03-27
839,HRL,2024032705001763,50,36,10.00,605.50,"6,055.00",2024-03-27
840,HRL,2024032705001767,50,58,10.00,605.50,"6,055.00",2024-03-27
841,HRL,2024032705001768,35,4,80.00,605.60,"48,448.00",2024-03-27
842,HRL,2024032705001773,50,1,10.00,605.50,"6,055.00",2024-03-27
843,HRL,2024032705001780,68,58,10.00,605.60,"6,056.00",2024-03-27
844,HRL,2024032705001787,50,22,10.00,605.50,"6,055.00",2024-03-27
845,HRL,2024032705001788,50,46,20.00,605.50,"12,110.00",2024-03-27
846,HRL,2024032705001789,50,49,10.00,605.50,"6,055.00",2024-03-27
847,HRL,2024032705001790,50,57,10.00,605.50,"6,055.00",2024-03-27
848,HRL,2024032705001791,50,58,10.00,605.60,"6,056.00",2024-03-27
849,HRL,2024032705001803,14,58,15.00,605.60,"9,084.00",2024-03-27
850,HRL,2024032705001804,33,58,15.00,605.60,"9,084.00",2024-03-27
851,HRL,2024032705001812,34,34,4.00,593.50,"2,374.00",2024-03-27
852,HRL,2024032705001813,50,57,10.00,605.50,"6,055.00",2024-03-27
853,HRL,2024032705001814,50,63,100.00,605.50,"60,550.00",2024-03-27
854,HRL,2024032705001815,50,88,140.00,605.50,"84,770.00",2024-03-27
855,HRL,2024032705001816,34,88,100.00,605.50,"60,550.00",2024-03-27
856,HRL,2024032705001817,1,88,100.00,605.50,"60,550.00",2024-03-27
857,HRL,2024032705001818,33,88,48.00,605.50,"29,064.00",2024-03-27
858,HRL,2024032705001819,19,88,50.00,605.50,"30,275.00",2024-03-27
859,HRL,2024032705001820,74,88,30.00,605.10,"18,153.00",2024-03-27
860,HRL,2024032705001821,14,88,100.00,605.10,"60,510.00",2024-03-27
861,HRL,2024032705001822,21,88,50.00,605.10,"30,255.00",2024-03-27
862,HRL,2024032705001823,1,88,100.00,605.10,"60,510.00",2024-03-27
863,HRL,2024032705001824,34,88,100.00,605.10,"60,510.00",2024-03-27
864,HRL,2024032705001825,89,88,100.00,605.10,"60,510.00",2024-03-27
865,HRL,2024032705001826,26,22,20.00,605.00,"12,100.00",2024-03-27
866,HRL,2024032705001828,26,51,10.00,605.00,"6,050.00",2024-03-27
867,HRL,2024032705001830,26,88,36.00,605.00,"21,780.00",2024-03-27
868,HRL,2024032705001831,26,49,20.00,605.00,"12,100.00",2024-03-27
869,HRL,2024032705001833,26,58,10.00,605.00,"6,050.00",2024-03-27
870,HRL,2024032705001840,26,40,20.00,605.00,"12,100.00",2024-03-27
871,HRL,2024032705001841,26,57,20.00,605.00,"12,100.00",2024-03-27
872,HRL,2024032705001842,26,46,20.00,605.00,"12,100.00",2024-03-27
873,HRL,2024032705001845,26,45,30.00,605.00,"18,150.00",2024-03-27
874,HRL,2024032705001846,26,44,10.00,605.00,"6,050.00",2024-03-27
875,HRL,2024032705001853,26,65,10.00,605.00,"6,050.00",2024-03-27
876,HRL,2024032705001854,26,58,10.00,605.00,"6,050.00",2024-03-27
877,HRL,2024032705001855,26,49,20.00,605.00,"12,100.00",2024-03-27
878,HRL,2024032705001856,26,22,10.00,605.00,"6,050.00",2024-03-27
879,HRL,2024032705001858,26,34,10.00,605.00,"6,050.00",2024-03-27
880,HRL,2024032705001862,26,58,10.00,605.00,"6,050.00",2024-03-27
881,HRL,2024032705001864,26,82,84.00,605.00,"50,820.00",2024-03-27
882,HRL,2024032705001865,53,82,30.00,605.00,"18,150.00",2024-03-27
883,HRL,2024032705001866,25,82,10.00,605.00,"6,050.00",2024-03-27
884,HRL,2024032705001867,38,82,50.00,605.00,"30,250.00",2024-03-27
885,HRL,2024032705001868,34,82,300.00,605.00,"181,500.00",2024-03-27
886,HRL,2024032705001869,57,82,10.00,605.00,"6,050.00",2024-03-27
887,HRL,2024032705001870,58,82,10.00,605.00,"6,050.00",2024-03-27
888,HRL,2024032705001871,43,82,50.00,605.00,"30,250.00",2024-03-27
889,HRL,2024032705001872,57,82,140.00,605.00,"84,700.00",2024-03-27
890,HRL,2024032705001873,55,82,400.00,605.00,"242,000.00",2024-03-27
891,HRL,2024032705001874,28,82,100.00,605.00,"60,500.00",2024-03-27
892,HRL,2024032705001875,26,82,50.00,605.00,"30,250.00",2024-03-27
893,HRL,2024032705001876,19,82,10.00,605.00,"6,050.00",2024-03-27
894,HRL,2024032705001877,35,82,200.00,605.00,"121,000.00",2024-03-27
895,HRL,2024032705001878,41,82,15.00,605.00,"9,075.00",2024-03-27
896,HRL,2024032705001879,55,82,500.00,605.00,"302,500.00",2024-03-27
897,HRL,2024032705001880,3,82,20.00,605.00,"12,100.00",2024-03-27
898,HRL,2024032705001881,5,82,50.00,605.00,"30,250.00",2024-03-27
899,HRL,2024032705001882,1,82,100.00,605.00,"60,500.00",2024-03-27
900,HRL,2024032705001883,39,82,10.00,605.00,"6,050.00",2024-03-27
901,HRL,2024032705001884,70,82,100.00,605.00,"60,500.00",2024-03-27
902,HRL,2024032705001885,55,82,34.00,605.00,"20,570.00",2024-03-27
903,HRL,2024032705001886,35,82,60.00,605.00,"36,300.00",2024-03-27
904,HRL,2024032705001887,49,82,50.00,605.00,"30,250.00",2024-03-27
905,HRL,2024032705001888,13,82,50.00,605.00,"30,250.00",2024-03-27
906,HRL,2024032705001889,58,82,20.00,605.00,"12,100.00",2024-03-27
907,HRL,2024032705001890,36,82,30.00,605.00,"18,150.00",2024-03-27
908,HRL,2024032705001891,58,82,150.00,605.00,"90,750.00",2024-03-27
909,HRL,2024032705001892,34,54,10.00,604.60,"6,046.00",2024-03-27
910,HRL,2024032705001904,49,44,20.00,604.70,"12,094.00",2024-03-27
911,HRL,2024032705001905,34,44,10.00,604.60,"6,046.00",2024-03-27
912,HRL,2024032705001906,34,22,10.00,604.60,"6,046.00",2024-03-27
913,HRL,2024032705001907,34,58,10.00,604.60,"6,046.00",2024-03-27
914,HRL,2024032705001909,34,46,20.00,604.60,"12,092.00",2024-03-27
915,HRL,2024032705001910,76,94,10.00,604.90,"6,049.00",2024-03-27
916,HRL,2024032705001911,34,49,20.00,604.60,"12,092.00",2024-03-27
917,HRL,2024032705001914,34,58,10.00,604.60,"6,046.00",2024-03-27
918,HRL,2024032705001916,34,32,10.00,604.60,"6,046.00",2024-03-27
919,HRL,2024032705001919,34,49,30.00,604.60,"18,138.00",2024-03-27
920,HRL,2024032705001920,19,58,10.00,604.90,"6,049.00",2024-03-27
921,HRL,2024032705001921,19,82,90.00,605.00,"54,450.00",2024-03-27
922,HRL,2024032705001923,33,58,20.00,604.80,"12,096.00",2024-03-27
923,HRL,2024032705001927,33,46,10.00,604.80,"6,048.00",2024-03-27
924,HRL,2024032705001932,34,58,20.00,604.60,"12,092.00",2024-03-27
925,HRL,2024032705001933,34,46,10.00,604.60,"6,046.00",2024-03-27
926,HRL,2024032705001934,22,36,20.00,604.80,"12,096.00",2024-03-27
927,HRL,2024032705001935,22,82,10.00,605.00,"6,050.00",2024-03-27
928,HRL,2024032705001939,34,58,10.00,604.60,"6,046.00",2024-03-27
929,HRL,2024032705001941,34,75,10.00,604.60,"6,046.00",2024-03-27
930,HRL,2024032705001942,22,54,10.00,605.00,"6,050.00",2024-03-27
931,HRL,2024032705001943,22,58,10.00,605.00,"6,050.00",2024-03-27
932,HRL,2024032705001944,22,45,10.00,605.00,"6,050.00",2024-03-27
933,HRL,2024032705001945,22,58,10.00,605.00,"6,050.00",2024-03-27
934,HRL,2024032705001947,58,41,20.00,604.10,"12,082.00",2024-03-27
935,HRL,2024032705001949,58,57,20.00,604.10,"12,082.00",2024-03-27
936,HRL,2024032705001950,58,32,10.00,604.10,"6,041.00",2024-03-27
937,HRL,2024032705001955,35,57,20.00,604.60,"12,092.00",2024-03-27
938,HRL,2024032705001956,58,57,40.00,604.10,"24,164.00",2024-03-27
939,HRL,2024032705001957,21,57,10.00,604.10,"6,041.00",2024-03-27
940,HRL,2024032705001958,34,57,100.00,604.10,"60,410.00",2024-03-27
941,HRL,2024032705001959,7,57,40.00,604.00,"24,160.00",2024-03-27
942,HRL,2024032705001960,39,57,50.00,604.00,"30,200.00",2024-03-27
943,HRL,2024032705001961,47,57,50.00,604.00,"30,200.00",2024-03-27
944,HRL,2024032705001962,21,57,10.00,604.00,"6,040.00",2024-03-27
945,HRL,2024032705001963,68,58,10.00,604.10,"6,041.00",2024-03-27
946,HRL,2024032705001964,21,58,10.00,604.00,"6,040.00",2024-03-27
947,HRL,2024032705001967,21,58,20.00,604.00,"12,080.00",2024-03-27
948,HRL,2024032705001971,3,35,20.00,605.00,"12,100.00",2024-03-27
949,HRL,2024032705001972,3,58,30.00,605.00,"18,150.00",2024-03-27
950,HRL,2024032705001973,3,59,40.00,605.00,"24,200.00",2024-03-27
951,HRL,2024032705001974,3,58,10.00,605.00,"6,050.00",2024-03-27
952,HRL,2024032705001975,3,58,20.00,605.00,"12,100.00",2024-03-27
953,HRL,2024032705001976,3,35,30.00,605.00,"18,150.00",2024-03-27
954,HRL,2024032705001977,3,1,30.00,605.00,"18,150.00",2024-03-27
955,HRL,2024032705001978,21,59,10.00,604.00,"6,040.00",2024-03-27
956,HRL,2024032705001979,21,49,10.00,604.00,"6,040.00",2024-03-27
957,HRL,2024032705001981,61,63,80.00,605.00,"48,400.00",2024-03-27
958,HRL,2024032705001982,61,38,20.00,605.00,"12,100.00",2024-03-27
959,HRL,2024032705001983,61,55,10.00,605.00,"6,050.00",2024-03-27
960,HRL,2024032705001985,61,18,10.00,605.00,"6,050.00",2024-03-27
961,HRL,2024032705001987,57,58,20.00,605.50,"12,110.00",2024-03-27
962,HRL,2024032705001988,57,34,10.00,605.50,"6,055.00",2024-03-27
963,HRL,2024032705001989,57,55,10.00,605.50,"6,055.00",2024-03-27
964,HRL,2024032705001990,61,36,10.00,605.00,"6,050.00",2024-03-27
965,HRL,2024032705001991,35,45,10.00,605.50,"6,055.00",2024-03-27
966,HRL,2024032705001994,35,58,10.00,605.50,"6,055.00",2024-03-27
967,HRL,2024032705001995,35,55,10.00,605.50,"6,055.00",2024-03-27
968,HRL,2024032705001997,34,41,10.00,605.10,"6,051.00",2024-03-27
969,HRL,2024032705002000,39,50,10.00,605.20,"6,052.00",2024-03-27
970,HRL,2024032705002002,39,58,20.00,605.20,"12,104.00",2024-03-27
971,HRL,2024032705002003,34,59,10.00,605.10,"6,051.00",2024-03-27
972,HRL,2024032705002009,34,55,10.00,605.10,"6,051.00",2024-03-27
973,HRL,2024032705002012,34,4,20.00,605.10,"12,102.00",2024-03-27
974,HRL,2024032705002013,34,48,50.00,605.10,"30,255.00",2024-03-27
975,HRL,2024032705002014,61,48,220.00,605.00,"133,100.00",2024-03-27
976,HRL,2024032705002015,14,48,20.00,605.00,"12,100.00",2024-03-27
977,HRL,2024032705002016,65,48,210.00,605.00,"127,050.00",2024-03-27
978,HRL,2024032705002017,65,45,790.00,605.00,"477,950.00",2024-03-27
979,HRL,2024032705002018,21,45,40.00,604.00,"24,160.00",2024-03-27
980,HRL,2024032705002019,38,45,200.00,604.00,"120,800.00",2024-03-27
981,HRL,2024032705002020,53,45,30.00,604.00,"18,120.00",2024-03-27
982,HRL,2024032705002021,26,22,30.00,604.00,"18,120.00",2024-03-27
983,HRL,2024032705002032,26,42,10.00,604.00,"6,040.00",2024-03-27
984,HRL,2024032705002034,26,56,10.00,604.00,"6,040.00",2024-03-27
985,HRL,2024032705002035,29,33,10.00,604.00,"6,040.00",2024-03-27
986,HRL,2024032705002037,29,58,10.00,604.00,"6,040.00",2024-03-27
987,HRL,2024032705002038,29,58,10.00,604.00,"6,040.00",2024-03-27
988,HRL,2024032705002039,1,58,10.00,604.00,"6,040.00",2024-03-27
989,HRL,2024032705002040,1,58,20.00,604.00,"12,080.00",2024-03-27
990,HRL,2024032705002043,1,58,20.00,604.00,"12,080.00",2024-03-27
991,HRL,2024032705002044,1,56,30.00,604.00,"18,120.00",2024-03-27
992,HRL,2024032705002045,1,38,20.00,604.00,"12,080.00",2024-03-27
993,HRL,2024032705002046,11,32,20.00,604.00,"12,080.00",2024-03-27
994,HRL,2024032705002050,11,52,10.00,604.00,"6,040.00",2024-03-27
995,HRL,2024032705002051,11,4,10.00,604.00,"6,040.00",2024-03-27
996,HRL,2024032705002053,41,58,10.00,605.00,"6,050.00",2024-03-27
997,HRL,2024032705002056,26,42,10.00,604.10,"6,041.00",2024-03-27
998,HRL,2024032705002057,11,42,10.00,604.00,"6,040.00",2024-03-27
999,HRL,2024032705002059,11,55,20.00,604.00,"12,080.00",2024-03-27
1000,HRL,2024032705002064,11,49,10.00,604.00,"6,040.00",2024-03-27
1001,HRL,2024032705002065,11,50,10.00,604.00,"6,040.00",2024-03-27
1002,HRL,2024032705002073,29,4,10.00,604.90,"6,049.00",2024-03-27
1003,HRL,2024032705002074,29,51,30.00,605.00,"18,150.00",2024-03-27
1004,HRL,2024032705002075,29,17,460.00,605.00,"278,300.00",2024-03-27
1005,HRL,2024032705002076,39,32,10.00,604.10,"6,041.00",2024-03-27
1006,HRL,2024032705002081,39,45,10.00,604.10,"6,041.00",2024-03-27
1007,HRL,2024032705002084,39,58,20.00,604.10,"12,082.00",2024-03-27
1008,HRL,2024032705002085,39,22,30.00,604.10,"18,123.00",2024-03-27
1009,HRL,2024032705002086,68,34,10.00,604.10,"6,041.00",2024-03-27
1010,HRL,2024032705002087,14,34,10.00,604.10,"6,041.00",2024-03-27
1011,HRL,2024032705002090,14,38,20.00,604.10,"12,082.00",2024-03-27
1012,HRL,2024032705002093,14,52,10.00,604.10,"6,041.00",2024-03-27
1013,HRL,2024032705002094,26,55,20.00,604.20,"12,084.00",2024-03-27
1014,HRL,2024032705002095,26,6,10.00,604.20,"6,042.00",2024-03-27
1015,HRL,2024032705002096,26,38,10.00,604.20,"6,042.00",2024-03-27
1016,HRL,2024032705002098,26,37,10.00,604.20,"6,042.00",2024-03-27
1017,HRL,2024032705002099,14,37,10.00,604.10,"6,041.00",2024-03-27
1018,HRL,2024032705002101,14,6,10.00,604.10,"6,041.00",2024-03-27
1019,HRL,2024032705002102,76,39,50.00,604.90,"30,245.00",2024-03-27
1020,HRL,2024032705002103,14,38,20.00,604.10,"12,082.00",2024-03-27
1021,HRL,2024032705002104,14,32,10.00,604.10,"6,041.00",2024-03-27
1022,HRL,2024032705002106,6,17,50.00,605.00,"30,250.00",2024-03-27
1023,HRL,2024032705002111,39,38,17.00,604.20,"10,271.40",2024-03-27
1024,HRL,2024032705002112,14,38,10.00,604.10,"6,041.00",2024-03-27
1025,HRL,2024032705002114,14,55,20.00,604.10,"12,082.00",2024-03-27
1026,HRL,2024032705002115,14,58,10.00,604.10,"6,041.00",2024-03-27
1027,HRL,2024032705002118,14,58,10.00,604.10,"6,041.00",2024-03-27
1028,HRL,2024032705002119,14,45,30.00,604.10,"18,123.00",2024-03-27
1029,HRL,2024032705002120,14,58,20.00,604.10,"12,082.00",2024-03-27
1030,HRL,2024032705002121,14,1,100.00,604.10,"60,410.00",2024-03-27
1031,HRL,2024032705002123,28,58,20.00,604.50,"12,090.00",2024-03-27
1032,HRL,2024032705002124,14,38,20.00,604.10,"12,082.00",2024-03-27
1033,HRL,2024032705002126,14,58,20.00,604.10,"12,082.00",2024-03-27
1034,HRL,2024032705002128,14,50,10.00,604.10,"6,041.00",2024-03-27
1035,HRL,2024032705002129,39,38,20.00,604.20,"12,084.00",2024-03-27
1036,HRL,2024032705002130,10,33,10.00,604.50,"6,045.00",2024-03-27
1037,HRL,2024032705002131,10,58,10.00,604.50,"6,045.00",2024-03-27
1038,HRL,2024032705002133,39,55,10.00,604.20,"6,042.00",2024-03-27
1039,HRL,2024032705002134,39,58,15.00,604.20,"9,063.00",2024-03-27
1040,HRL,2024032705002135,39,58,10.00,604.20,"6,042.00",2024-03-27
1041,HRL,2024032705002136,32,17,100.00,605.00,"60,500.00",2024-03-27
1042,HRL,2024032705002155,39,58,13.00,604.20,"7,854.60",2024-03-27
1043,HRL,2024032705002157,52,32,10.00,604.20,"6,042.00",2024-03-27
1044,HRL,2024032705002158,52,58,20.00,604.20,"12,084.00",2024-03-27
1045,HRL,2024032705002159,22,58,10.00,604.20,"6,042.00",2024-03-27
1046,HRL,2024032705002162,65,48,10.00,604.30,"6,043.00",2024-03-27
1047,HRL,2024032705002167,65,8,10.00,604.30,"6,043.00",2024-03-27
1048,HRL,2024032705002169,65,38,10.00,604.30,"6,043.00",2024-03-27
1049,HRL,2024032705002170,65,38,500.00,604.30,"302,150.00",2024-03-27
1050,HRL,2024032705002171,65,16,10.00,604.30,"6,043.00",2024-03-27
1051,HRL,2024032705002175,39,58,10.00,604.40,"6,044.00",2024-03-27
1052,HRL,2024032705002180,42,58,10.00,604.40,"6,044.00",2024-03-27
1053,HRL,2024032705002181,42,17,150.00,605.00,"90,750.00",2024-03-27
1054,HRL,2024032705002184,41,17,580.00,605.00,"350,900.00",2024-03-27
1055,HRL,2024032705002185,65,28,10.00,604.30,"6,043.00",2024-03-27
1056,HRL,2024032705002187,65,38,10.00,604.30,"6,043.00",2024-03-27
1057,HRL,2024032705002188,45,17,30.00,605.00,"18,150.00",2024-03-27
1058,HRL,2024032705002189,65,58,10.00,604.30,"6,043.00",2024-03-27
1059,HRL,2024032705002194,39,38,10.00,604.40,"6,044.00",2024-03-27
1060,HRL,2024032705002195,39,57,10.00,604.40,"6,044.00",2024-03-27
1061,HRL,2024032705002196,65,57,10.00,604.30,"6,043.00",2024-03-27
1062,HRL,2024032705002197,65,48,10.00,604.30,"6,043.00",2024-03-27
1063,HRL,2024032705002202,65,56,10.00,604.30,"6,043.00",2024-03-27
1064,HRL,2024032705002203,65,16,10.00,604.30,"6,043.00",2024-03-27
1065,HRL,2024032705002204,65,49,10.00,604.30,"6,043.00",2024-03-27
1066,HRL,2024032705002208,65,38,10.00,604.30,"6,043.00",2024-03-27
1067,HRL,2024032705002210,39,57,10.00,604.40,"6,044.00",2024-03-27
1068,HRL,2024032705002211,39,1,90.00,604.50,"54,405.00",2024-03-27
1069,HRL,2024032705002214,65,57,30.00,604.30,"18,129.00",2024-03-27
1070,HRL,2024032705002219,65,7,30.00,604.30,"18,129.00",2024-03-27
1071,HRL,2024032705002220,65,52,10.00,604.30,"6,043.00",2024-03-27
1072,HRL,2024032705002221,65,58,20.00,604.30,"12,086.00",2024-03-27
1073,HRL,2024032705002222,7,1,10.00,604.50,"6,045.00",2024-03-27
1074,HRL,2024032705002224,65,49,150.00,604.30,"90,645.00",2024-03-27
1075,HRL,2024032705002225,65,34,10.00,604.30,"6,043.00",2024-03-27
1076,HRL,2024032705002226,39,36,20.00,604.40,"12,088.00",2024-03-27
1077,HRL,2024032705002228,67,36,10.00,604.50,"6,045.00",2024-03-27
1078,HRL,2024032705002229,65,36,10.00,604.30,"6,043.00",2024-03-27
1079,HRL,2024032705002233,65,36,20.00,604.30,"12,086.00",2024-03-27
1080,HRL,2024032705002236,47,36,20.00,604.40,"12,088.00",2024-03-27
1081,HRL,2024032705002239,49,49,10.00,604.40,"6,044.00",2024-03-27
1082,HRL,2024032705002240,65,51,10.00,604.30,"6,043.00",2024-03-27
1083,HRL,2024032705002246,55,50,20.00,604.40,"12,088.00",2024-03-27
1084,HRL,2024032705002247,57,45,10.00,604.50,"6,045.00",2024-03-27
1085,HRL,2024032705002248,57,36,20.00,604.50,"12,090.00",2024-03-27
1086,HRL,2024032705002251,57,10,20.00,604.50,"12,090.00",2024-03-27
1087,HRL,2024032705002252,55,34,20.00,604.40,"12,088.00",2024-03-27
1088,HRL,2024032705002253,45,17,10.00,605.00,"6,050.00",2024-03-27
1089,HRL,2024032705002254,55,57,10.00,604.40,"6,044.00",2024-03-27
1090,HRL,2024032705002255,55,51,10.00,604.40,"6,044.00",2024-03-27
1091,HRL,2024032705002256,55,58,10.00,604.40,"6,044.00",2024-03-27
1092,HRL,2024032705002259,42,17,10.00,605.00,"6,050.00",2024-03-27
1093,HRL,2024032705002260,72,38,20.00,604.50,"12,090.00",2024-03-27
1094,HRL,2024032705002261,72,18,10.00,604.50,"6,045.00",2024-03-27
1095,HRL,2024032705002263,72,29,30.00,604.50,"18,135.00",2024-03-27
1096,HRL,2024032705002267,72,38,20.00,604.50,"12,090.00",2024-03-27
1097,HRL,2024032705002268,72,41,20.00,604.50,"12,090.00",2024-03-27
1098,HRL,2024032705002269,55,52,10.00,604.40,"6,044.00",2024-03-27
1099,HRL,2024032705002271,55,38,20.00,604.40,"12,088.00",2024-03-27
1100,HRL,2024032705002272,67,34,10.00,604.50,"6,045.00",2024-03-27
1101,HRL,2024032705002273,55,26,80.00,604.40,"48,352.00",2024-03-27
1102,HRL,2024032705002274,57,26,10.00,604.40,"6,044.00",2024-03-27
1103,HRL,2024032705002275,39,26,10.00,604.40,"6,044.00",2024-03-27
1104,HRL,2024032705002276,57,35,10.00,604.50,"6,045.00",2024-03-27
1105,HRL,2024032705002283,65,38,20.00,604.30,"12,086.00",2024-03-27
1106,HRL,2024032705002284,65,44,30.00,604.30,"18,129.00",2024-03-27
1107,HRL,2024032705002285,22,35,20.00,604.50,"12,090.00",2024-03-27
1108,HRL,2024032705002286,65,58,10.00,604.30,"6,043.00",2024-03-27
1109,HRL,2024032705002290,65,8,20.00,604.30,"12,086.00",2024-03-27
1110,HRL,2024032705002291,39,25,10.00,604.30,"6,043.00",2024-03-27
1111,HRL,2024032705002292,42,68,10.00,604.50,"6,045.00",2024-03-27
1112,HRL,2024032705002293,42,21,10.00,604.50,"6,045.00",2024-03-27
1113,HRL,2024032705002295,42,6,30.00,604.50,"18,135.00",2024-03-27
1114,HRL,2024032705002296,39,6,21.00,604.30,"12,690.30",2024-03-27
1115,HRL,2024032705002297,22,6,40.00,604.20,"24,168.00",2024-03-27
1116,HRL,2024032705002298,14,6,109.00,604.10,"65,846.90",2024-03-27
1117,HRL,2024032705002299,14,45,10.00,604.10,"6,041.00",2024-03-27
1118,HRL,2024032705002300,14,52,10.00,604.10,"6,041.00",2024-03-27
1119,HRL,2024032705002301,14,8,31.00,604.10,"18,727.10",2024-03-27
1120,HRL,2024032705002302,26,8,69.00,604.10,"41,682.90",2024-03-27
1121,HRL,2024032705002303,26,3,91.00,604.10,"54,973.10",2024-03-27
1122,HRL,2024032705002304,34,3,50.00,604.10,"30,205.00",2024-03-27
1123,HRL,2024032705002305,52,3,50.00,604.10,"30,205.00",2024-03-27
1124,HRL,2024032705002306,5,3,20.00,604.10,"12,082.00",2024-03-27
1125,HRL,2024032705002307,11,3,75.00,604.00,"45,300.00",2024-03-27
1126,HRL,2024032705002308,34,3,14.00,604.00,"8,456.00",2024-03-27
1127,HRL,2024032705002309,34,21,10.00,604.00,"6,040.00",2024-03-27
1128,HRL,2024032705002314,34,57,10.00,604.00,"6,040.00",2024-03-27
1129,HRL,2024032705002315,35,49,10.00,604.10,"6,041.00",2024-03-27
1130,HRL,2024032705002316,35,29,10.00,604.10,"6,041.00",2024-03-27
1131,HRL,2024032705002317,34,29,10.00,604.00,"6,040.00",2024-03-27
1132,HRL,2024032705002318,5,28,10.00,604.10,"6,041.00",2024-03-27
1133,HRL,2024032705002319,35,17,50.00,605.00,"30,250.00",2024-03-27
1134,HRL,2024032705002321,39,19,10.00,604.10,"6,041.00",2024-03-27
1135,HRL,2024032705002322,45,19,10.00,604.00,"6,040.00",2024-03-27
1136,HRL,2024032705002325,45,34,20.00,604.00,"12,080.00",2024-03-27
1137,HRL,2024032705002326,58,58,10.00,604.50,"6,045.00",2024-03-27
1138,HRL,2024032705002330,45,44,20.00,604.00,"12,080.00",2024-03-27
1139,HRL,2024032705002331,34,44,20.00,604.00,"12,080.00",2024-03-27
1140,HRL,2024032705002332,8,58,10.00,604.00,"6,040.00",2024-03-27
1141,HRL,2024032705002336,58,58,10.00,604.20,"6,042.00",2024-03-27
1142,HRL,2024032705002337,58,58,10.00,604.50,"6,045.00",2024-03-27
1143,HRL,2024032705002338,58,57,20.00,604.50,"12,090.00",2024-03-27
1144,HRL,2024032705002339,58,7,40.00,604.90,"24,196.00",2024-03-27
1145,HRL,2024032705002341,54,48,10.00,604.50,"6,045.00",2024-03-27
1146,HRL,2024032705002342,54,49,20.00,604.50,"12,090.00",2024-03-27
1147,HRL,2024032705002347,54,41,10.00,604.50,"6,045.00",2024-03-27
1148,HRL,2024032705002350,54,57,20.00,604.50,"12,090.00",2024-03-27
1149,HRL,2024032705002351,54,29,20.00,604.50,"12,090.00",2024-03-27
1150,HRL,2024032705002352,54,6,20.00,604.50,"12,090.00",2024-03-27
1151,HRL,2024032705002353,8,6,20.00,604.00,"12,080.00",2024-03-27
1152,HRL,2024032705002354,76,6,40.00,604.00,"24,160.00",2024-03-27
1153,HRL,2024032705002358,76,17,10.00,604.00,"6,040.00",2024-03-27
1154,HRL,2024032705002360,43,4,55.00,604.00,"33,220.00",2024-03-27
1155,HRL,2024032705002361,58,4,400.00,604.00,"241,600.00",2024-03-27
1156,HRL,2024032705002362,58,4,100.00,604.00,"60,400.00",2024-03-27
1157,HRL,2024032705002363,39,4,10.00,604.00,"6,040.00",2024-03-27
1158,HRL,2024032705002364,58,4,10.00,604.00,"6,040.00",2024-03-27
1159,HRL,2024032705002365,1,4,85.00,604.00,"51,340.00",2024-03-27
1160,HRL,2024032705002366,22,4,10.00,604.00,"6,040.00",2024-03-27
1161,HRL,2024032705002367,58,4,30.00,604.00,"18,120.00",2024-03-27
1162,HRL,2024032705002368,42,4,40.00,604.00,"24,160.00",2024-03-27
1163,HRL,2024032705002369,55,4,10.00,604.00,"6,040.00",2024-03-27
1164,HRL,2024032705002371,35,17,10.00,605.00,"6,050.00",2024-03-27
1165,HRL,2024032705002373,55,4,20.00,604.00,"12,080.00",2024-03-27
1166,HRL,2024032705002374,14,4,200.00,604.00,"120,800.00",2024-03-27
1167,HRL,2024032705002375,55,4,100.00,604.00,"60,400.00",2024-03-27
1168,HRL,2024032705002384,58,4,30.00,604.00,"18,120.00",2024-03-27
1169,HRL,2024032705002392,65,58,10.00,603.50,"6,035.00",2024-03-27
1170,HRL,2024032705002393,65,29,30.00,603.50,"18,105.00",2024-03-27
1171,HRL,2024032705002394,50,4,50.00,604.00,"30,200.00",2024-03-27
1172,HRL,2024032705002395,50,45,10.00,604.00,"6,040.00",2024-03-27
1173,HRL,2024032705002396,50,42,10.00,604.00,"6,040.00",2024-03-27
1174,HRL,2024032705002399,65,46,10.00,603.50,"6,035.00",2024-03-27
1175,HRL,2024032705002400,65,49,10.00,603.50,"6,035.00",2024-03-27
1176,HRL,2024032705002401,65,42,20.00,603.50,"12,070.00",2024-03-27
1177,HRL,2024032705002402,50,58,20.00,604.00,"12,080.00",2024-03-27
1178,HRL,2024032705002403,50,57,10.00,604.00,"6,040.00",2024-03-27
1179,HRL,2024032705002404,50,45,10.00,604.00,"6,040.00",2024-03-27
1180,HRL,2024032705002405,50,57,30.00,604.00,"18,120.00",2024-03-27
1181,HRL,2024032705002408,50,14,30.00,604.00,"18,120.00",2024-03-27
1182,HRL,2024032705002409,65,35,10.00,603.50,"6,035.00",2024-03-27
1183,HRL,2024032705002412,65,44,10.00,603.50,"6,035.00",2024-03-27
1184,HRL,2024032705002413,50,58,20.00,604.00,"12,080.00",2024-03-27
1185,HRL,2024032705002421,16,38,14.00,604.00,"8,456.00",2024-03-27
1186,HRL,2024032705002423,50,38,16.00,604.00,"9,664.00",2024-03-27
1187,HRL,2024032705002424,49,11,10.00,604.00,"6,040.00",2024-03-27
1188,HRL,2024032705002425,49,14,20.00,604.00,"12,080.00",2024-03-27
1189,HRL,2024032705002427,47,58,10.00,604.10,"6,041.00",2024-03-27
1190,HRL,2024032705002429,49,59,50.00,604.90,"30,245.00",2024-03-27
1191,HRL,2024032705002430,47,36,10.00,604.10,"6,041.00",2024-03-27
1192,HRL,2024032705002432,47,44,10.00,604.10,"6,041.00",2024-03-27
1193,HRL,2024032705002433,47,47,20.00,604.10,"12,082.00",2024-03-27
1194,HRL,2024032705002438,47,21,30.00,604.10,"18,123.00",2024-03-27
1195,HRL,2024032705002439,47,11,10.00,604.10,"6,041.00",2024-03-27
1196,HRL,2024032705002440,7,28,10.00,604.20,"6,042.00",2024-03-27
1197,HRL,2024032705002441,7,34,10.00,604.20,"6,042.00",2024-03-27
1198,HRL,2024032705002442,47,58,10.00,604.10,"6,041.00",2024-03-27
1199,HRL,2024032705002443,49,58,10.00,604.00,"6,040.00",2024-03-27
1200,HRL,2024032705002445,49,25,20.00,604.00,"12,080.00",2024-03-27
1201,HRL,2024032705002448,49,17,10.00,604.00,"6,040.00",2024-03-27
1202,HRL,2024032705002449,49,58,30.00,604.00,"18,120.00",2024-03-27
1203,HRL,2024032705002450,49,3,10.00,604.00,"6,040.00",2024-03-27
1204,HRL,2024032705002451,49,58,10.00,604.00,"6,040.00",2024-03-27
1205,HRL,2024032705002452,7,47,10.00,604.00,"6,040.00",2024-03-27
1206,HRL,2024032705002453,16,38,10.00,604.00,"6,040.00",2024-03-27
1207,HRL,2024032705002457,16,51,10.00,604.00,"6,040.00",2024-03-27
1208,HRL,2024032705002458,25,41,10.00,604.50,"6,045.00",2024-03-27
1209,HRL,2024032705002459,4,46,50.00,604.10,"30,205.00",2024-03-27
1210,HRL,2024032705002460,16,46,30.00,604.00,"18,120.00",2024-03-27
1211,HRL,2024032705002461,55,46,30.00,604.00,"18,120.00",2024-03-27
1212,HRL,2024032705002463,55,50,20.00,604.00,"12,080.00",2024-03-27
1213,HRL,2024032705002469,55,28,10.00,604.00,"6,040.00",2024-03-27
1214,HRL,2024032705002470,55,38,10.00,604.00,"6,040.00",2024-03-27
1215,HRL,2024032705002472,55,61,10.00,604.00,"6,040.00",2024-03-27
1216,HRL,2024032705002478,55,58,20.00,604.00,"12,080.00",2024-03-27
1217,HRL,2024032705002479,33,58,22.00,604.00,"13,288.00",2024-03-27
1218,HRL,2024032705002480,77,58,38.00,604.00,"22,952.00",2024-03-27
1219,HRL,2024032705002481,77,35,10.00,604.00,"6,040.00",2024-03-27
1220,HRL,2024032705002482,77,58,20.00,604.00,"12,080.00",2024-03-27
1221,HRL,2024032705002485,57,40,15.00,604.50,"9,067.50",2024-03-27
1222,HRL,2024032705002486,77,40,885.00,604.00,"534,540.00",2024-03-27
1223,HRL,2024032705002489,77,49,20.00,604.00,"12,080.00",2024-03-27
1224,HRL,2024032705002490,77,57,20.00,604.00,"12,080.00",2024-03-27
1225,HRL,2024032705002491,77,49,7.00,604.00,"4,228.00",2024-03-27
1226,HRL,2024032705002492,45,43,15.00,604.00,"9,060.00",2024-03-27
1227,HRL,2024032705002503,34,57,20.00,604.30,"12,086.00",2024-03-27
1228,HRL,2024032705002506,34,49,10.00,604.30,"6,043.00",2024-03-27
1229,HRL,2024032705002507,34,58,10.00,604.30,"6,043.00",2024-03-27
1230,HRL,2024032705002508,34,6,10.00,604.30,"6,043.00",2024-03-27
1231,HRL,2024032705002510,38,45,10.00,604.50,"6,045.00",2024-03-27
1232,HRL,2024032705002511,38,41,20.00,604.80,"12,096.00",2024-03-27
1233,HRL,2024032705002512,38,59,50.00,604.90,"30,245.00",2024-03-27
1234,HRL,2024032705002513,38,7,20.00,604.90,"12,098.00",2024-03-27
1235,HRL,2024032705002514,34,57,200.00,604.30,"120,860.00",2024-03-27
1236,HRL,2024032705002515,34,41,20.00,604.30,"12,086.00",2024-03-27
1237,HRL,2024032705002517,34,45,10.00,604.30,"6,043.00",2024-03-27
1238,HRL,2024032705002521,50,58,20.00,604.50,"12,090.00",2024-03-27
1239,HRL,2024032705002522,50,7,40.00,604.90,"24,196.00",2024-03-27
1240,HRL,2024032705002523,50,7,10.00,604.90,"6,049.00",2024-03-27
1241,HRL,2024032705002524,34,69,20.00,604.30,"12,086.00",2024-03-27
1242,HRL,2024032705002525,58,69,40.00,604.00,"24,160.00",2024-03-27
1243,HRL,2024032705002526,28,69,200.00,603.70,"120,740.00",2024-03-27
1244,HRL,2024032705002527,25,69,10.00,603.60,"6,036.00",2024-03-27
1245,HRL,2024032705002528,52,69,100.00,603.50,"60,350.00",2024-03-27
1246,HRL,2024032705002529,34,69,20.00,603.50,"12,070.00",2024-03-27
1247,HRL,2024032705002530,1,69,100.00,603.30,"60,330.00",2024-03-27
1248,HRL,2024032705002531,6,69,350.00,603.20,"211,120.00",2024-03-27
1249,HRL,2024032705002532,74,69,20.00,603.10,"12,062.00",2024-03-27
1250,HRL,2024032705002533,49,69,100.00,603.10,"60,310.00",2024-03-27
1251,HRL,2024032705002534,58,69,50.00,603.00,"30,150.00",2024-03-27
1252,HRL,2024032705002535,58,69,10.00,603.00,"6,030.00",2024-03-27
1253,HRL,2024032705002536,49,69,10.00,603.00,"6,030.00",2024-03-27
1254,HRL,2024032705002537,50,69,500.00,603.00,"301,500.00",2024-03-27
1255,HRL,2024032705002538,19,69,50.00,603.00,"30,150.00",2024-03-27
1256,HRL,2024032705002539,57,69,30.00,603.00,"18,090.00",2024-03-27
1257,HRL,2024032705002540,58,69,20.00,603.00,"12,060.00",2024-03-27
1258,HRL,2024032705002541,16,69,50.00,603.00,"30,150.00",2024-03-27
1259,HRL,2024032705002542,44,69,30.00,603.00,"18,090.00",2024-03-27
1260,HRL,2024032705002543,49,69,46.00,603.00,"27,738.00",2024-03-27
1261,HRL,2024032705002544,38,69,50.00,603.00,"30,150.00",2024-03-27
1262,HRL,2024032705002545,22,69,500.00,603.00,"301,500.00",2024-03-27
1263,HRL,2024032705002546,55,69,100.00,603.00,"60,300.00",2024-03-27
1264,HRL,2024032705002547,13,69,200.00,603.00,"120,600.00",2024-03-27
1265,HRL,2024032705002548,48,69,50.00,603.00,"30,150.00",2024-03-27
1266,HRL,2024032705002549,44,69,330.00,603.00,"198,990.00",2024-03-27
1267,HRL,2024032705002550,61,69,800.00,603.00,"482,400.00",2024-03-27
1268,HRL,2024032705002551,19,69,20.00,603.00,"12,060.00",2024-03-27
1269,HRL,2024032705002552,5,69,60.00,603.00,"36,180.00",2024-03-27
1270,HRL,2024032705002553,28,69,32.00,603.00,"19,296.00",2024-03-27
1271,HRL,2024032705002554,19,69,20.00,603.00,"12,060.00",2024-03-27
1272,HRL,2024032705002555,45,69,85.00,603.00,"51,255.00",2024-03-27
1273,HRL,2024032705002556,58,69,100.00,602.30,"60,230.00",2024-03-27
1274,HRL,2024032705002557,36,69,50.00,602.20,"30,110.00",2024-03-27
1275,HRL,2024032705002558,25,69,100.00,602.00,"60,200.00",2024-03-27
1276,HRL,2024032705002559,59,69,100.00,602.00,"60,200.00",2024-03-27
1277,HRL,2024032705002560,56,69,100.00,602.00,"60,200.00",2024-03-27
1278,HRL,2024032705002561,28,69,150.00,602.00,"90,300.00",2024-03-27
1279,HRL,2024032705002562,49,69,10.00,602.00,"6,020.00",2024-03-27
1280,HRL,2024032705002563,29,69,500.00,602.00,"301,000.00",2024-03-27
1281,HRL,2024032705002564,17,69,"1,000.00",602.00,"602,000.00",2024-03-27
1282,HRL,2024032705002565,45,69,200.00,602.00,"120,400.00",2024-03-27
1283,HRL,2024032705002566,17,69,340.00,602.00,"204,680.00",2024-03-27
1284,HRL,2024032705002567,17,69,600.00,602.00,"361,200.00",2024-03-27
1285,HRL,2024032705002568,4,69,10.00,602.00,"6,020.00",2024-03-27
1286,HRL,2024032705002569,19,69,20.00,602.00,"12,040.00",2024-03-27
1287,HRL,2024032705002570,58,69,11.00,602.00,"6,622.00",2024-03-27
1288,HRL,2024032705002571,19,69,20.00,602.00,"12,040.00",2024-03-27
1289,HRL,2024032705002572,19,69,50.00,602.00,"30,100.00",2024-03-27
1290,HRL,2024032705002573,34,69,10.00,602.00,"6,020.00",2024-03-27
1291,HRL,2024032705002574,1,69,200.00,601.50,"120,300.00",2024-03-27
1292,HRL,2024032705002575,26,69,200.00,601.10,"120,220.00",2024-03-27
1293,HRL,2024032705002576,32,69,200.00,601.10,"120,220.00",2024-03-27
1294,HRL,2024032705002577,42,69,100.00,601.10,"60,110.00",2024-03-27
1295,HRL,2024032705002578,35,69,20.00,601.10,"12,022.00",2024-03-27
1296,HRL,2024032705002579,48,69,"1,000.00",601.00,"601,000.00",2024-03-27
1297,HRL,2024032705002580,42,69,30.00,601.00,"18,030.00",2024-03-27
1298,HRL,2024032705002581,34,69,100.00,601.00,"60,100.00",2024-03-27
1299,HRL,2024032705002582,34,69,100.00,601.00,"60,100.00",2024-03-27
1300,HRL,2024032705002583,58,69,14.00,601.00,"8,414.00",2024-03-27
1301,HRL,2024032705002584,4,69,20.00,601.00,"12,020.00",2024-03-27
1302,HRL,2024032705002585,64,69,100.00,601.00,"60,100.00",2024-03-27
1303,HRL,2024032705002586,11,69,100.00,601.00,"60,100.00",2024-03-27
1304,HRL,2024032705002587,50,69,442.00,601.00,"265,642.00",2024-03-27
1305,HRL,2024032705002593,33,58,20.00,601.10,"12,022.00",2024-03-27
1306,HRL,2024032705002594,33,36,20.00,601.10,"12,022.00",2024-03-27
1307,HRL,2024032705002595,66,69,73.00,601.20,"43,887.60",2024-03-27
1308,HRL,2024032705002596,33,69,460.00,601.10,"276,506.00",2024-03-27
1309,HRL,2024032705002597,50,69,58.00,601.00,"34,858.00",2024-03-27
1310,HRL,2024032705002598,55,69,500.00,601.00,"300,500.00",2024-03-27
1311,HRL,2024032705002599,17,69,20.00,601.00,"12,020.00",2024-03-27
1312,HRL,2024032705002600,56,69,100.00,601.00,"60,100.00",2024-03-27
1313,HRL,2024032705002601,37,69,60.00,600.10,"36,006.00",2024-03-27
1314,HRL,2024032705002602,56,69,100.00,600.10,"60,010.00",2024-03-27
1315,HRL,2024032705002603,74,69,30.00,600.10,"18,003.00",2024-03-27
1316,HRL,2024032705002604,35,69,"1,000.00",600.10,"600,100.00",2024-03-27
1317,HRL,2024032705002605,10,69,500.00,600.10,"300,050.00",2024-03-27
1318,HRL,2024032705002606,17,69,200.00,600.10,"120,020.00",2024-03-27
1319,HRL,2024032705002607,44,69,250.00,600.10,"150,025.00",2024-03-27
1320,HRL,2024032705002608,74,69,100.00,600.10,"60,010.00",2024-03-27
1321,HRL,2024032705002609,32,69,300.00,600.10,"180,030.00",2024-03-27
1322,HRL,2024032705002610,32,69,100.00,600.10,"60,010.00",2024-03-27
1323,HRL,2024032705002611,44,69,200.00,600.10,"120,020.00",2024-03-27
1324,HRL,2024032705002612,52,69,300.00,600.10,"180,030.00",2024-03-27
1325,HRL,2024032705002613,38,69,150.00,600.10,"90,015.00",2024-03-27
1326,HRL,2024032705002614,41,69,100.00,600.00,"60,000.00",2024-03-27
1327,HRL,2024032705002615,35,69,20.00,600.00,"12,000.00",2024-03-27
1328,HRL,2024032705002616,56,69,100.00,600.00,"60,000.00",2024-03-27
1329,HRL,2024032705002617,41,69,100.00,600.00,"60,000.00",2024-03-27
1330,HRL,2024032705002618,65,69,300.00,600.00,"180,000.00",2024-03-27
1331,HRL,2024032705002619,40,69,20.00,600.00,"12,000.00",2024-03-27
1332,HRL,2024032705002620,65,69,10.00,600.00,"6,000.00",2024-03-27
1333,HRL,2024032705002621,17,69,50.00,600.00,"30,000.00",2024-03-27
1334,HRL,2024032705002622,6,69,20.00,600.00,"12,000.00",2024-03-27
1335,HRL,2024032705002623,40,69,500.00,600.00,"300,000.00",2024-03-27
1336,HRL,2024032705002624,49,69,50.00,600.00,"30,000.00",2024-03-27
1337,HRL,2024032705002625,74,69,70.00,600.00,"42,000.00",2024-03-27
1338,HRL,2024032705002626,55,69,50.00,600.00,"30,000.00",2024-03-27
1339,HRL,2024032705002627,41,69,500.00,600.00,"300,000.00",2024-03-27
1340,HRL,2024032705002628,68,69,50.00,600.00,"30,000.00",2024-03-27
1341,HRL,2024032705002629,22,69,50.00,600.00,"30,000.00",2024-03-27
1342,HRL,2024032705002630,45,69,30.00,600.00,"18,000.00",2024-03-27
1343,HRL,2024032705002631,49,69,300.00,600.00,"180,000.00",2024-03-27
1344,HRL,2024032705002632,13,69,50.00,600.00,"30,000.00",2024-03-27
1345,HRL,2024032705002633,34,69,200.00,600.00,"120,000.00",2024-03-27
1346,HRL,2024032705002634,5,69,90.00,600.00,"54,000.00",2024-03-27
1347,HRL,2024032705002635,17,69,100.00,600.00,"60,000.00",2024-03-27
1348,HRL,2024032705002636,6,69,50.00,600.00,"30,000.00",2024-03-27
1349,HRL,2024032705002637,42,69,100.00,600.00,"60,000.00",2024-03-27
1350,HRL,2024032705002638,50,69,32.00,600.00,"19,200.00",2024-03-27
1351,HRL,2024032705002639,49,69,10.00,600.00,"6,000.00",2024-03-27
1352,HRL,2024032705002640,32,69,20.00,600.00,"12,000.00",2024-03-27
1353,HRL,2024032705002641,21,69,100.00,600.00,"60,000.00",2024-03-27
1354,HRL,2024032705002642,7,69,10.00,600.00,"6,000.00",2024-03-27
1355,HRL,2024032705002643,47,69,50.00,600.00,"30,000.00",2024-03-27
1356,HRL,2024032705002644,34,69,100.00,600.00,"60,000.00",2024-03-27
1357,HRL,2024032705002645,61,69,50.00,600.00,"30,000.00",2024-03-27
1358,HRL,2024032705002646,43,69,100.00,600.00,"60,000.00",2024-03-27
1359,HRL,2024032705002647,11,69,20.00,600.00,"12,000.00",2024-03-27
1360,HRL,2024032705002648,57,69,500.00,600.00,"300,000.00",2024-03-27
1361,HRL,2024032705002649,49,69,100.00,600.00,"60,000.00",2024-03-27
1362,HRL,2024032705002650,52,69,54.00,600.00,"32,400.00",2024-03-27
1363,HRL,2024032705002651,55,69,250.00,600.00,"150,000.00",2024-03-27
1364,HRL,2024032705002652,29,69,30.00,600.00,"18,000.00",2024-03-27
1365,HRL,2024032705002653,55,69,10.00,600.00,"6,000.00",2024-03-27
1366,HRL,2024032705002654,13,69,250.00,600.00,"150,000.00",2024-03-27
1367,HRL,2024032705002655,38,69,140.00,600.00,"84,000.00",2024-03-27
1368,HRL,2024032705002656,57,69,30.00,600.00,"18,000.00",2024-03-27
1369,HRL,2024032705002657,7,69,10.00,600.00,"6,000.00",2024-03-27
1370,HRL,2024032705002658,42,69,20.00,600.00,"12,000.00",2024-03-27
1371,HRL,2024032705002659,4,69,30.00,600.00,"18,000.00",2024-03-27
1372,HRL,2024032705002660,11,69,50.00,600.00,"30,000.00",2024-03-27
1373,HRL,2024032705002661,32,69,300.00,600.00,"180,000.00",2024-03-27
1374,HRL,2024032705002662,58,69,20.00,600.00,"12,000.00",2024-03-27
1375,HRL,2024032705002663,45,69,50.00,600.00,"30,000.00",2024-03-27
1376,HRL,2024032705002664,10,69,30.00,600.00,"18,000.00",2024-03-27
1377,HRL,2024032705002665,82,69,50.00,600.00,"30,000.00",2024-03-27
1378,HRL,2024032705002666,16,69,500.00,600.00,"300,000.00",2024-03-27
1379,HRL,2024032705002667,49,69,10.00,600.00,"6,000.00",2024-03-27
1380,HRL,2024032705002668,57,69,20.00,600.00,"12,000.00",2024-03-27
1381,HRL,2024032705002669,17,69,400.00,600.00,"240,000.00",2024-03-27
1382,HRL,2024032705002670,34,69,100.00,600.00,"60,000.00",2024-03-27
1383,HRL,2024032705002671,49,69,500.00,600.00,"300,000.00",2024-03-27
1384,HRL,2024032705002672,40,69,500.00,600.00,"300,000.00",2024-03-27
1385,HRL,2024032705002673,41,69,25.00,600.00,"15,000.00",2024-03-27
1386,HRL,2024032705002674,10,69,50.00,600.00,"30,000.00",2024-03-27
1387,HRL,2024032705002675,45,69,100.00,600.00,"60,000.00",2024-03-27
1388,HRL,2024032705002676,34,69,"1,000.00",600.00,"600,000.00",2024-03-27
1389,HRL,2024032705002677,21,69,100.00,600.00,"60,000.00",2024-03-27
1390,HRL,2024032705002678,13,69,10.00,600.00,"6,000.00",2024-03-27
1391,HRL,2024032705002679,58,69,40.00,600.00,"24,000.00",2024-03-27
1392,HRL,2024032705002680,29,69,20.00,600.00,"12,000.00",2024-03-27
1393,HRL,2024032705002681,51,69,10.00,600.00,"6,000.00",2024-03-27
1394,HRL,2024032705002682,48,69,50.00,600.00,"30,000.00",2024-03-27
1395,HRL,2024032705002683,5,69,200.00,600.00,"120,000.00",2024-03-27
1396,HRL,2024032705002684,41,69,250.00,600.00,"150,000.00",2024-03-27
1397,HRL,2024032705002685,14,69,30.00,600.00,"18,000.00",2024-03-27
1398,HRL,2024032705002686,1,69,300.00,600.00,"180,000.00",2024-03-27
1399,HRL,2024032705002687,35,69,50.00,600.00,"30,000.00",2024-03-27
1400,HRL,2024032705002688,75,69,700.00,600.00,"420,000.00",2024-03-27
1401,HRL,2024032705002689,34,69,100.00,600.00,"60,000.00",2024-03-27
1402,HRL,2024032705002690,52,69,100.00,600.00,"60,000.00",2024-03-27
1403,HRL,2024032705002691,26,69,50.00,600.00,"30,000.00",2024-03-27
1404,HRL,2024032705002692,18,69,500.00,600.00,"300,000.00",2024-03-27
1405,HRL,2024032705002693,1,69,50.00,600.00,"30,000.00",2024-03-27
1406,HRL,2024032705002694,38,69,40.00,600.00,"24,000.00",2024-03-27
1407,HRL,2024032705002695,13,69,100.00,600.00,"60,000.00",2024-03-27
1408,HRL,2024032705002696,90,69,100.00,600.00,"60,000.00",2024-03-27
1409,HRL,2024032705002697,41,69,50.00,600.00,"30,000.00",2024-03-27
1410,HRL,2024032705002698,14,69,100.00,600.00,"60,000.00",2024-03-27
1411,HRL,2024032705002699,56,69,20.00,600.00,"12,000.00",2024-03-27
1412,HRL,2024032705002700,16,69,70.00,600.00,"42,000.00",2024-03-27
1413,HRL,2024032705002701,42,69,700.00,600.00,"420,000.00",2024-03-27
1414,HRL,2024032705002702,41,69,50.00,600.00,"30,000.00",2024-03-27
1415,HRL,2024032705002703,28,69,20.00,600.00,"12,000.00",2024-03-27
1416,HRL,2024032705002704,46,69,50.00,600.00,"30,000.00",2024-03-27
1417,HRL,2024032705002705,56,69,100.00,600.00,"60,000.00",2024-03-27
1418,HRL,2024032705002706,13,69,100.00,600.00,"60,000.00",2024-03-27
1419,HRL,2024032705002707,64,69,100.00,600.00,"60,000.00",2024-03-27
1420,HRL,2024032705002708,19,69,"1,500.00",600.00,"900,000.00",2024-03-27
1421,HRL,2024032705002709,11,69,10.00,600.00,"6,000.00",2024-03-27
1422,HRL,2024032705002710,32,69,10.00,600.00,"6,000.00",2024-03-27
1423,HRL,2024032705002711,37,69,100.00,600.00,"60,000.00",2024-03-27
1424,HRL,2024032705002712,32,69,50.00,600.00,"30,000.00",2024-03-27
1425,HRL,2024032705002713,68,69,50.00,600.00,"30,000.00",2024-03-27
1426,HRL,2024032705002714,45,69,50.00,600.00,"30,000.00",2024-03-27
1427,HRL,2024032705002715,45,69,100.00,599.00,"59,900.00",2024-03-27
1428,HRL,2024032705002716,14,69,50.00,599.00,"29,950.00",2024-03-27
1429,HRL,2024032705002717,16,69,200.00,599.00,"119,800.00",2024-03-27
1430,HRL,2024032705002718,38,69,50.00,599.00,"29,950.00",2024-03-27
1431,HRL,2024032705002719,50,69,50.00,599.00,"29,950.00",2024-03-27
1432,HRL,2024032705002720,58,69,30.00,599.00,"17,970.00",2024-03-27
1433,HRL,2024032705002721,38,69,50.00,599.00,"29,950.00",2024-03-27
1434,HRL,2024032705002722,43,69,120.00,599.00,"71,880.00",2024-03-27
1435,HRL,2024032705002723,34,69,20.00,599.00,"11,980.00",2024-03-27
1436,HRL,2024032705002724,55,69,67.00,599.00,"40,133.00",2024-03-27
1437,HRL,2024032705002725,45,69,500.00,599.00,"299,500.00",2024-03-27
1438,HRL,2024032705002726,6,69,20.00,599.00,"11,980.00",2024-03-27
1439,HRL,2024032705002727,42,69,200.00,598.80,"119,760.00",2024-03-27
1440,HRL,2024032705002728,56,69,83.00,598.00,"49,634.00",2024-03-27
1441,HRL,2024032705002729,25,69,500.00,598.00,"299,000.00",2024-03-27
1442,HRL,2024032705002730,29,69,20.00,598.00,"11,960.00",2024-03-27
1443,HRL,2024032705002731,47,69,100.00,598.00,"59,800.00",2024-03-27
1444,HRL,2024032705002732,18,69,10.00,598.00,"5,980.00",2024-03-27
1445,HRL,2024032705002733,41,69,50.00,598.00,"29,900.00",2024-03-27
1446,HRL,2024032705002734,20,69,100.00,598.00,"59,800.00",2024-03-27
1447,HRL,2024032705002735,25,69,100.00,598.00,"59,800.00",2024-03-27
1448,HRL,2024032705002736,39,69,50.00,598.00,"29,900.00",2024-03-27
1449,HRL,2024032705002737,19,69,500.00,598.00,"299,000.00",2024-03-27
1450,HRL,2024032705002738,50,69,500.00,598.00,"299,000.00",2024-03-27
1451,HRL,2024032705002739,32,69,58.00,598.00,"34,684.00",2024-03-27
1452,HRL,2024032705002740,40,69,500.00,598.00,"299,000.00",2024-03-27
1453,HRL,2024032705002741,29,69,500.00,598.00,"299,000.00",2024-03-27
1454,HRL,2024032705002742,29,69,500.00,598.00,"299,000.00",2024-03-27
1455,HRL,2024032705002743,29,69,100.00,598.00,"59,800.00",2024-03-27
1456,HRL,2024032705002744,4,69,100.00,598.00,"59,800.00",2024-03-27
1457,HRL,2024032705002745,38,69,100.00,598.00,"59,800.00",2024-03-27
1458,HRL,2024032705002746,58,69,100.00,598.00,"59,800.00",2024-03-27
1459,HRL,2024032705002747,49,69,100.00,598.00,"59,800.00",2024-03-27
1460,HRL,2024032705002748,44,69,10.00,598.00,"5,980.00",2024-03-27
1461,HRL,2024032705002749,14,69,100.00,598.00,"59,800.00",2024-03-27
1462,HRL,2024032705002750,54,69,10.00,598.00,"5,980.00",2024-03-27
1463,HRL,2024032705002751,8,69,100.00,598.00,"59,800.00",2024-03-27
1464,HRL,2024032705002752,26,69,34.00,598.00,"20,332.00",2024-03-27
1465,HRL,2024032705002753,40,69,100.00,598.00,"59,800.00",2024-03-27
1466,HRL,2024032705002754,55,69,100.00,597.80,"59,780.00",2024-03-27
1467,HRL,2024032705002755,59,69,300.00,597.80,"179,340.00",2024-03-27
1468,HRL,2024032705002756,62,69,500.00,597.80,"298,900.00",2024-03-27
1469,HRL,2024032705002757,29,69,100.00,597.80,"59,780.00",2024-03-27
1470,HRL,2024032705002758,35,69,"1,000.00",597.10,"597,100.00",2024-03-27
1471,HRL,2024032705002759,42,69,42.00,597.00,"25,074.00",2024-03-27
1472,HRL,2024032705002760,37,69,100.00,597.00,"59,700.00",2024-03-27
1473,HRL,2024032705002761,32,69,500.00,597.00,"298,500.00",2024-03-27
1474,HRL,2024032705002762,57,69,500.00,597.00,"298,500.00",2024-03-27
1475,HRL,2024032705002763,1,69,"1,000.00",597.00,"597,000.00",2024-03-27
1476,HRL,2024032705002764,10,69,14.00,597.00,"8,358.00",2024-03-27
1477,HRL,2024032705002781,26,69,100.00,601.10,"60,110.00",2024-03-27
1478,HRL,2024032705002782,38,69,10.00,601.00,"6,010.00",2024-03-27
1479,HRL,2024032705002783,38,38,10.00,601.00,"6,010.00",2024-03-27
1480,HRL,2024032705002785,38,69,80.00,601.00,"48,080.00",2024-03-27
1481,HRL,2024032705002786,10,69,30.00,598.10,"17,943.00",2024-03-27
1482,HRL,2024032705002787,45,69,40.00,598.00,"23,920.00",2024-03-27
1483,HRL,2024032705002788,87,69,50.00,597.20,"29,860.00",2024-03-27
1484,HRL,2024032705002793,39,35,10.00,600.10,"6,001.00",2024-03-27
1485,HRL,2024032705002794,14,58,10.00,601.20,"6,012.00",2024-03-27
1486,HRL,2024032705002799,14,38,10.00,601.20,"6,012.00",2024-03-27
1487,HRL,2024032705002807,76,17,30.00,601.00,"18,030.00",2024-03-27
1488,HRL,2024032705002808,76,25,10.00,601.00,"6,010.00",2024-03-27
1489,HRL,2024032705002810,76,42,10.00,601.00,"6,010.00",2024-03-27
1490,HRL,2024032705002811,58,42,20.00,601.00,"12,020.00",2024-03-27
1491,HRL,2024032705002812,57,42,10.00,600.60,"6,006.00",2024-03-27
1492,HRL,2024032705002814,33,58,10.00,601.00,"6,010.00",2024-03-27
1493,HRL,2024032705002818,33,59,10.00,601.00,"6,010.00",2024-03-27
1494,HRL,2024032705002822,39,1,10.00,603.00,"6,030.00",2024-03-27
1495,HRL,2024032705002825,39,4,10.00,603.00,"6,030.00",2024-03-27
