SN,Symbol,Transaction No.,Buyer Broker,Seller Broker,Share Quantity,Rate(Rs),Amount(Rs),Traded Date
1,HRL,2024022905000003,42,22,10.00,615.00,"6,150.00",2024-02-29
2,HRL,2024022905000010,36,45,10.00,610.60,"6,106.00",2024-02-29
3,HRL,2024022905000012,36,28,10.00,610.60,"6,106.00",2024-02-29
4,HRL,2024022905000022,33,52,10.00,611.10,"6,111.00",2024-02-29
5,HRL,2024022905000033,45,34,10.00,612.00,"6,120.00",2024-02-29
6,HRL,2024022905000038,45,38,10.00,612.00,"6,120.00",2024-02-29
7,HRL,2024022905000039,45,58,10.00,612.00,"6,120.00",2024-02-29
8,HRL,2024022905000042,42,39,10.00,612.10,"6,121.00",2024-02-29
9,HRL,2024022905000043,42,47,10.00,612.10,"6,121.00",2024-02-29
10,HRL,2024022905000045,42,6,10.00,612.10,"6,121.00",2024-02-29
11,HRL,2024022905000062,42,21,10.00,612.60,"6,126.00",2024-02-29
12,HRL,2024022905000063,42,38,10.00,612.60,"6,126.00",2024-02-29
13,HRL,2024022905000065,42,49,10.00,612.60,"6,126.00",2024-02-29
14,HRL,2024022905000077,36,21,20.00,612.70,"12,254.00",2024-02-29
15,HRL,2024022905000081,77,54,10.00,612.80,"6,128.00",2024-02-29
16,HRL,2024022905000089,77,39,10.00,613.10,"6,131.00",2024-02-29
17,HRL,2024022905000090,77,38,100.00,613.10,"61,310.00",2024-02-29
18,HRL,2024022905000092,77,59,10.00,613.10,"6,131.00",2024-02-29
19,HRL,2024022905000095,42,42,10.00,613.20,"6,132.00",2024-02-29
20,HRL,2024022905000096,77,21,10.00,613.30,"6,133.00",2024-02-29
21,HRL,2024022905000098,42,6,10.00,614.00,"6,140.00",2024-02-29
22,HRL,2024022905000107,42,35,10.00,615.00,"6,150.00",2024-02-29
23,HRL,2024022905000108,42,58,10.00,615.00,"6,150.00",2024-02-29
24,HRL,2024022905000109,42,58,10.00,615.00,"6,150.00",2024-02-29
25,HRL,2024022905000110,42,16,10.00,615.00,"6,150.00",2024-02-29
26,HRL,2024022905000111,42,58,10.00,615.00,"6,150.00",2024-02-29
27,HRL,2024022905000112,42,39,10.00,615.00,"6,150.00",2024-02-29
28,HRL,2024022905000113,42,42,10.00,615.00,"6,150.00",2024-02-29
29,HRL,2024022905000114,42,33,20.00,615.00,"12,300.00",2024-02-29
30,HRL,2024022905000115,42,34,10.00,615.00,"6,150.00",2024-02-29
31,HRL,2024022905000116,42,52,10.00,615.00,"6,150.00",2024-02-29
32,HRL,2024022905000117,42,35,10.00,615.00,"6,150.00",2024-02-29
33,HRL,2024022905000118,77,38,20.00,614.10,"12,282.00",2024-02-29
34,HRL,2024022905000119,77,45,20.00,614.10,"12,282.00",2024-02-29
35,HRL,2024022905000120,77,45,10.00,614.10,"6,141.00",2024-02-29
36,HRL,2024022905000122,77,59,10.00,614.10,"6,141.00",2024-02-29
37,HRL,2024022905000124,57,56,10.00,614.00,"6,140.00",2024-02-29
38,HRL,2024022905000126,57,59,10.00,614.00,"6,140.00",2024-02-29
39,HRL,2024022905000138,54,41,20.00,614.10,"12,282.00",2024-02-29
40,HRL,2024022905000140,54,35,10.00,614.10,"6,141.00",2024-02-29
41,HRL,2024022905000141,54,36,10.00,614.10,"6,141.00",2024-02-29
42,HRL,2024022905000142,54,58,10.00,614.10,"6,141.00",2024-02-29
43,HRL,2024022905000143,54,57,10.00,614.10,"6,141.00",2024-02-29
44,HRL,2024022905000144,54,59,10.00,614.10,"6,141.00",2024-02-29
45,HRL,2024022905000145,54,39,10.00,614.10,"6,141.00",2024-02-29
46,HRL,2024022905000161,58,58,10.00,614.50,"6,145.00",2024-02-29
47,HRL,2024022905000166,58,58,10.00,614.50,"6,145.00",2024-02-29
48,HRL,2024022905000178,58,32,20.00,614.50,"12,290.00",2024-02-29
49,HRL,2024022905000181,58,39,10.00,614.50,"6,145.00",2024-02-29
50,HRL,2024022905000183,58,38,10.00,614.50,"6,145.00",2024-02-29
51,HRL,2024022905000185,58,49,10.00,614.50,"6,145.00",2024-02-29
52,HRL,2024022905000187,58,35,20.00,614.50,"12,290.00",2024-02-29
53,HRL,2024022905000191,58,5,65.00,614.50,"39,942.50",2024-02-29
54,HRL,2024022905000192,50,5,100.00,614.50,"61,450.00",2024-02-29
55,HRL,2024022905000193,57,39,10.00,614.00,"6,140.00",2024-02-29
56,HRL,2024022905000200,57,19,10.00,614.00,"6,140.00",2024-02-29
57,HRL,2024022905000201,57,5,10.00,614.00,"6,140.00",2024-02-29
58,HRL,2024022905000202,49,5,35.00,614.00,"21,490.00",2024-02-29
59,HRL,2024022905000207,49,34,10.00,614.00,"6,140.00",2024-02-29
60,HRL,2024022905000208,49,1,20.00,614.00,"12,280.00",2024-02-29
61,HRL,2024022905000210,49,38,20.00,614.00,"12,280.00",2024-02-29
62,HRL,2024022905000212,49,17,15.00,614.00,"9,210.00",2024-02-29
63,HRL,2024022905000215,51,29,10.00,612.60,"6,126.00",2024-02-29
64,HRL,2024022905000220,78,14,10.00,612.70,"6,127.00",2024-02-29
65,HRL,2024022905000223,78,58,10.00,612.70,"6,127.00",2024-02-29
66,HRL,2024022905000224,78,53,10.00,612.70,"6,127.00",2024-02-29
67,HRL,2024022905000229,78,35,65.00,612.70,"39,825.50",2024-02-29
68,HRL,2024022905000230,78,58,10.00,612.70,"6,127.00",2024-02-29
69,HRL,2024022905000235,78,49,10.00,612.70,"6,127.00",2024-02-29
70,HRL,2024022905000236,78,39,20.00,612.70,"12,254.00",2024-02-29
71,HRL,2024022905000237,78,52,10.00,612.70,"6,127.00",2024-02-29
72,HRL,2024022905000242,78,58,10.00,612.70,"6,127.00",2024-02-29
73,HRL,2024022905000243,78,16,10.00,612.70,"6,127.00",2024-02-29
74,HRL,2024022905000247,78,35,35.00,612.70,"21,444.50",2024-02-29
75,HRL,2024022905000248,13,35,10.00,612.70,"6,127.00",2024-02-29
76,HRL,2024022905000249,13,4,10.00,613.00,"6,130.00",2024-02-29
77,HRL,2024022905000251,51,28,10.00,612.60,"6,126.00",2024-02-29
78,HRL,2024022905000253,14,42,10.00,612.10,"6,121.00",2024-02-29
79,HRL,2024022905000256,14,34,30.00,612.10,"18,363.00",2024-02-29
80,HRL,2024022905000259,45,58,70.00,612.00,"42,840.00",2024-02-29
81,HRL,2024022905000260,18,58,90.00,612.00,"55,080.00",2024-02-29
82,HRL,2024022905000265,18,42,10.00,612.00,"6,120.00",2024-02-29
83,HRL,2024022905000267,41,8,10.00,612.00,"6,120.00",2024-02-29
84,HRL,2024022905000275,78,35,40.00,612.10,"24,484.00",2024-02-29
85,HRL,2024022905000280,78,89,10.00,612.10,"6,121.00",2024-02-29
86,HRL,2024022905000281,78,57,10.00,612.10,"6,121.00",2024-02-29
87,HRL,2024022905000282,58,34,5.00,615.00,"3,075.00",2024-02-29
88,HRL,2024022905000287,78,35,20.00,612.10,"12,242.00",2024-02-29
89,HRL,2024022905000288,19,58,10.00,612.20,"6,122.00",2024-02-29
90,HRL,2024022905000289,19,16,10.00,612.20,"6,122.00",2024-02-29
91,HRL,2024022905000290,78,16,10.00,612.10,"6,121.00",2024-02-29
92,HRL,2024022905000291,58,58,20.00,612.20,"12,244.00",2024-02-29
93,HRL,2024022905000293,58,1,20.00,612.20,"12,244.00",2024-02-29
94,HRL,2024022905000294,58,52,10.00,612.20,"6,122.00",2024-02-29
95,HRL,2024022905000295,77,45,20.00,612.30,"12,246.00",2024-02-29
96,HRL,2024022905000296,77,49,10.00,612.30,"6,123.00",2024-02-29
97,HRL,2024022905000298,77,49,10.00,612.30,"6,123.00",2024-02-29
98,HRL,2024022905000299,77,32,10.00,612.30,"6,123.00",2024-02-29
99,HRL,2024022905000300,77,32,20.00,612.30,"12,246.00",2024-02-29
100,HRL,2024022905000301,77,34,30.00,612.30,"18,369.00",2024-02-29
101,HRL,2024022905000302,58,34,50.00,612.20,"30,610.00",2024-02-29
102,HRL,2024022905000303,78,34,20.00,612.20,"12,244.00",2024-02-29
103,HRL,2024022905000305,78,58,10.00,612.20,"6,122.00",2024-02-29
104,HRL,2024022905000307,78,49,10.00,612.20,"6,122.00",2024-02-29
105,HRL,2024022905000308,58,45,10.00,612.50,"6,125.00",2024-02-29
106,HRL,2024022905000309,78,38,10.00,612.20,"6,122.00",2024-02-29
107,HRL,2024022905000311,78,38,40.00,612.20,"24,488.00",2024-02-29
108,HRL,2024022905000312,78,21,10.00,612.20,"6,122.00",2024-02-29
109,HRL,2024022905000313,19,21,10.00,612.20,"6,122.00",2024-02-29
110,HRL,2024022905000314,78,38,10.00,612.10,"6,121.00",2024-02-29
111,HRL,2024022905000318,78,13,20.00,612.10,"12,242.00",2024-02-29
112,HRL,2024022905000320,78,21,10.00,612.10,"6,121.00",2024-02-29
113,HRL,2024022905000328,58,77,20.00,612.20,"12,244.00",2024-02-29
114,HRL,2024022905000329,78,77,10.00,612.10,"6,121.00",2024-02-29
115,HRL,2024022905000335,78,19,10.00,612.10,"6,121.00",2024-02-29
116,HRL,2024022905000336,78,38,10.00,612.10,"6,121.00",2024-02-29
117,HRL,2024022905000337,78,49,10.00,612.10,"6,121.00",2024-02-29
118,HRL,2024022905000339,44,4,10.00,612.40,"6,124.00",2024-02-29
119,HRL,2024022905000340,44,68,10.00,612.40,"6,124.00",2024-02-29
120,HRL,2024022905000341,44,40,10.00,612.40,"6,124.00",2024-02-29
121,HRL,2024022905000342,44,49,20.00,612.50,"12,250.00",2024-02-29
122,HRL,2024022905000343,44,55,20.00,612.60,"12,252.00",2024-02-29
123,HRL,2024022905000345,78,38,20.00,612.10,"12,242.00",2024-02-29
124,HRL,2024022905000347,78,46,10.00,612.10,"6,121.00",2024-02-29
125,HRL,2024022905000348,33,46,90.00,612.10,"55,089.00",2024-02-29
126,HRL,2024022905000349,33,58,10.00,612.10,"6,121.00",2024-02-29
127,HRL,2024022905000350,44,35,20.00,612.50,"12,250.00",2024-02-29
128,HRL,2024022905000351,44,52,10.00,613.00,"6,130.00",2024-02-29
129,HRL,2024022905000352,44,57,30.00,613.00,"18,390.00",2024-02-29
130,HRL,2024022905000353,44,38,10.00,613.00,"6,130.00",2024-02-29
131,HRL,2024022905000354,44,44,10.00,613.00,"6,130.00",2024-02-29
132,HRL,2024022905000356,41,39,30.00,612.00,"18,360.00",2024-02-29
133,HRL,2024022905000363,41,25,10.00,612.00,"6,120.00",2024-02-29
134,HRL,2024022905000365,41,58,10.00,612.00,"6,120.00",2024-02-29
135,HRL,2024022905000370,32,52,10.00,613.00,"6,130.00",2024-02-29
136,HRL,2024022905000374,41,8,10.00,612.00,"6,120.00",2024-02-29
137,HRL,2024022905000375,41,58,10.00,612.00,"6,120.00",2024-02-29
138,HRL,2024022905000381,41,41,10.00,612.00,"6,120.00",2024-02-29
139,HRL,2024022905000382,41,38,10.00,612.00,"6,120.00",2024-02-29
140,HRL,2024022905000385,41,58,20.00,612.00,"12,240.00",2024-02-29
141,HRL,2024022905000387,41,36,380.00,612.00,"232,560.00",2024-02-29
142,HRL,2024022905000388,67,36,50.00,612.00,"30,600.00",2024-02-29
143,HRL,2024022905000393,16,26,110.00,611.00,"67,210.00",2024-02-29
144,HRL,2024022905000397,16,58,10.00,611.00,"6,110.00",2024-02-29
145,HRL,2024022905000399,33,58,10.00,611.10,"6,111.00",2024-02-29
146,HRL,2024022905000406,33,58,30.00,611.10,"18,333.00",2024-02-29
147,HRL,2024022905000407,33,38,10.00,611.10,"6,111.00",2024-02-29
148,HRL,2024022905000408,33,1,20.00,611.10,"12,222.00",2024-02-29
149,HRL,2024022905000409,33,42,10.00,611.10,"6,111.00",2024-02-29
150,HRL,2024022905000410,33,52,20.00,611.10,"12,222.00",2024-02-29
151,HRL,2024022905000411,16,34,10.00,611.00,"6,110.00",2024-02-29
152,HRL,2024022905000413,16,38,10.00,611.00,"6,110.00",2024-02-29
153,HRL,2024022905000416,16,38,10.00,611.00,"6,110.00",2024-02-29
154,HRL,2024022905000418,16,39,10.00,611.00,"6,110.00",2024-02-29
155,HRL,2024022905000419,16,38,10.00,611.00,"6,110.00",2024-02-29
156,HRL,2024022905000420,57,57,15.00,611.10,"9,166.50",2024-02-29
157,HRL,2024022905000421,57,58,10.00,611.10,"6,111.00",2024-02-29
158,HRL,2024022905000422,57,38,10.00,611.10,"6,111.00",2024-02-29
159,HRL,2024022905000425,57,94,30.00,611.10,"18,333.00",2024-02-29
160,HRL,2024022905000426,57,38,10.00,611.10,"6,111.00",2024-02-29
161,HRL,2024022905000427,57,38,10.00,611.10,"6,111.00",2024-02-29
162,HRL,2024022905000428,57,38,10.00,611.10,"6,111.00",2024-02-29
163,HRL,2024022905000430,33,38,10.00,611.10,"6,111.00",2024-02-29
164,HRL,2024022905000431,33,21,30.00,611.10,"18,333.00",2024-02-29
165,HRL,2024022905000432,11,4,10.00,611.50,"6,115.00",2024-02-29
166,HRL,2024022905000434,33,38,10.00,611.10,"6,111.00",2024-02-29
167,HRL,2024022905000435,33,49,10.00,611.10,"6,111.00",2024-02-29
168,HRL,2024022905000436,16,36,500.00,612.00,"306,000.00",2024-02-29
169,HRL,2024022905000440,42,42,10.00,611.50,"6,115.00",2024-02-29
170,HRL,2024022905000443,33,58,10.00,611.10,"6,111.00",2024-02-29
171,HRL,2024022905000444,33,58,20.00,611.10,"12,222.00",2024-02-29
172,HRL,2024022905000445,33,57,10.00,611.10,"6,111.00",2024-02-29
173,HRL,2024022905000450,58,58,10.00,611.10,"6,111.00",2024-02-29
174,HRL,2024022905000452,57,41,10.00,611.10,"6,111.00",2024-02-29
175,HRL,2024022905000453,39,58,10.00,611.10,"6,111.00",2024-02-29
176,HRL,2024022905000457,45,42,10.00,611.20,"6,112.00",2024-02-29
177,HRL,2024022905000458,45,56,20.00,611.20,"12,224.00",2024-02-29
178,HRL,2024022905000459,45,58,10.00,611.20,"6,112.00",2024-02-29
179,HRL,2024022905000460,45,62,20.00,611.20,"12,224.00",2024-02-29
180,HRL,2024022905000461,45,47,20.00,611.20,"12,224.00",2024-02-29
181,HRL,2024022905000462,45,58,20.00,611.20,"12,224.00",2024-02-29
182,HRL,2024022905000463,56,36,70.00,612.00,"42,840.00",2024-02-29
183,HRL,2024022905000464,56,40,10.00,612.00,"6,120.00",2024-02-29
184,HRL,2024022905000465,56,50,10.00,612.00,"6,120.00",2024-02-29
185,HRL,2024022905000466,56,4,10.00,612.00,"6,120.00",2024-02-29
186,HRL,2024022905000468,35,54,10.00,611.20,"6,112.00",2024-02-29
187,HRL,2024022905000472,35,32,10.00,611.20,"6,112.00",2024-02-29
188,HRL,2024022905000473,35,59,10.00,611.20,"6,112.00",2024-02-29
189,HRL,2024022905000474,35,94,30.00,611.20,"18,336.00",2024-02-29
190,HRL,2024022905000476,13,35,10.00,611.30,"6,113.00",2024-02-29
191,HRL,2024022905000477,13,58,20.00,611.30,"12,226.00",2024-02-29
192,HRL,2024022905000478,42,41,20.00,611.50,"12,230.00",2024-02-29
193,HRL,2024022905000479,42,19,10.00,611.50,"6,115.00",2024-02-29
194,HRL,2024022905000483,42,42,10.00,611.50,"6,115.00",2024-02-29
195,HRL,2024022905000484,42,33,10.00,611.50,"6,115.00",2024-02-29
196,HRL,2024022905000485,42,34,50.00,611.50,"30,575.00",2024-02-29
197,HRL,2024022905000486,55,34,50.00,611.50,"30,575.00",2024-02-29
198,HRL,2024022905000489,55,58,30.00,611.50,"18,345.00",2024-02-29
199,HRL,2024022905000491,55,54,10.00,611.50,"6,115.00",2024-02-29
200,HRL,2024022905000494,36,55,25.00,611.60,"15,290.00",2024-02-29
201,HRL,2024022905000498,13,4,200.00,612.00,"122,400.00",2024-02-29
202,HRL,2024022905000499,13,58,20.00,612.00,"12,240.00",2024-02-29
203,HRL,2024022905000500,38,14,10.00,612.10,"6,121.00",2024-02-29
204,HRL,2024022905000501,38,49,10.00,612.10,"6,121.00",2024-02-29
205,HRL,2024022905000502,38,42,30.00,612.10,"18,363.00",2024-02-29
206,HRL,2024022905000503,38,32,10.00,612.10,"6,121.00",2024-02-29
207,HRL,2024022905000504,38,54,30.00,612.10,"18,363.00",2024-02-29
208,HRL,2024022905000505,38,34,10.00,612.10,"6,121.00",2024-02-29
209,HRL,2024022905000507,42,26,20.00,612.90,"12,258.00",2024-02-29
210,HRL,2024022905000508,42,58,20.00,612.90,"12,258.00",2024-02-29
211,HRL,2024022905000509,42,40,10.00,612.90,"6,129.00",2024-02-29
212,HRL,2024022905000513,36,41,10.00,612.20,"6,122.00",2024-02-29
213,HRL,2024022905000518,36,56,10.00,612.20,"6,122.00",2024-02-29
214,HRL,2024022905000519,58,77,30.00,613.00,"18,390.00",2024-02-29
215,HRL,2024022905000520,58,4,10.00,613.00,"6,130.00",2024-02-29
216,HRL,2024022905000521,58,57,10.00,613.00,"6,130.00",2024-02-29
217,HRL,2024022905000522,58,34,20.00,613.00,"12,260.00",2024-02-29
218,HRL,2024022905000525,58,45,10.00,613.00,"6,130.00",2024-02-29
219,HRL,2024022905000529,58,34,100.00,613.00,"61,300.00",2024-02-29
220,HRL,2024022905000533,58,47,10.00,613.00,"6,130.00",2024-02-29
221,HRL,2024022905000535,34,42,10.00,613.10,"6,131.00",2024-02-29
222,HRL,2024022905000541,34,38,10.00,613.10,"6,131.00",2024-02-29
223,HRL,2024022905000543,34,57,40.00,613.10,"24,524.00",2024-02-29
224,HRL,2024022905000546,34,35,20.00,613.10,"12,262.00",2024-02-29
225,HRL,2024022905000547,34,54,10.00,613.10,"6,131.00",2024-02-29
226,HRL,2024022905000548,34,36,10.00,613.10,"6,131.00",2024-02-29
227,HRL,2024022905000550,58,51,10.00,614.00,"6,140.00",2024-02-29
228,HRL,2024022905000551,34,32,10.00,613.10,"6,131.00",2024-02-29
229,HRL,2024022905000552,34,8,10.00,613.10,"6,131.00",2024-02-29
230,HRL,2024022905000553,34,38,10.00,613.10,"6,131.00",2024-02-29
231,HRL,2024022905000556,34,14,20.00,613.10,"12,262.00",2024-02-29
232,HRL,2024022905000559,34,6,10.00,613.10,"6,131.00",2024-02-29
233,HRL,2024022905000560,34,58,10.00,613.10,"6,131.00",2024-02-29
234,HRL,2024022905000562,34,36,10.00,613.10,"6,131.00",2024-02-29
235,HRL,2024022905000563,34,25,10.00,613.10,"6,131.00",2024-02-29
236,HRL,2024022905000564,34,57,10.00,613.10,"6,131.00",2024-02-29
237,HRL,2024022905000567,55,42,10.00,613.00,"6,130.00",2024-02-29
238,HRL,2024022905000568,55,7,10.00,613.00,"6,130.00",2024-02-29
239,HRL,2024022905000571,55,36,10.00,613.00,"6,130.00",2024-02-29
240,HRL,2024022905000576,34,36,10.00,613.10,"6,131.00",2024-02-29
241,HRL,2024022905000580,34,38,10.00,613.10,"6,131.00",2024-02-29
242,HRL,2024022905000581,34,35,20.00,613.10,"12,262.00",2024-02-29
243,HRL,2024022905000582,34,58,10.00,613.10,"6,131.00",2024-02-29
244,HRL,2024022905000583,34,19,20.00,613.10,"12,262.00",2024-02-29
245,HRL,2024022905000584,34,14,10.00,613.10,"6,131.00",2024-02-29
246,HRL,2024022905000586,34,19,10.00,613.10,"6,131.00",2024-02-29
247,HRL,2024022905000587,34,34,100.00,613.10,"61,310.00",2024-02-29
248,HRL,2024022905000590,34,58,10.00,613.10,"6,131.00",2024-02-29
249,HRL,2024022905000591,58,49,10.00,614.00,"6,140.00",2024-02-29
250,HRL,2024022905000592,58,57,10.00,614.00,"6,140.00",2024-02-29
251,HRL,2024022905000593,58,39,10.00,614.00,"6,140.00",2024-02-29
252,HRL,2024022905000594,58,45,10.00,614.00,"6,140.00",2024-02-29
253,HRL,2024022905000595,58,7,30.00,614.00,"18,420.00",2024-02-29
254,HRL,2024022905000596,58,22,10.00,614.00,"6,140.00",2024-02-29
255,HRL,2024022905000597,58,58,10.00,614.00,"6,140.00",2024-02-29
256,HRL,2024022905000598,58,58,10.00,614.00,"6,140.00",2024-02-29
257,HRL,2024022905000599,58,58,10.00,614.00,"6,140.00",2024-02-29
258,HRL,2024022905000602,39,38,10.00,613.20,"6,132.00",2024-02-29
259,HRL,2024022905000615,34,7,10.00,613.30,"6,133.00",2024-02-29
260,HRL,2024022905000622,34,49,10.00,613.60,"6,136.00",2024-02-29
261,HRL,2024022905000625,34,25,20.00,613.60,"12,272.00",2024-02-29
262,HRL,2024022905000626,34,7,10.00,613.60,"6,136.00",2024-02-29
263,HRL,2024022905000627,34,57,10.00,613.60,"6,136.00",2024-02-29
264,HRL,2024022905000634,34,41,10.00,613.60,"6,136.00",2024-02-29
265,HRL,2024022905000635,34,58,10.00,613.60,"6,136.00",2024-02-29
266,HRL,2024022905000643,39,42,10.00,613.80,"6,138.00",2024-02-29
267,HRL,2024022905000648,34,58,20.00,614.00,"12,280.00",2024-02-29
268,HRL,2024022905000649,34,37,10.00,614.00,"6,140.00",2024-02-29
269,HRL,2024022905000650,34,55,10.00,614.00,"6,140.00",2024-02-29
270,HRL,2024022905000651,34,55,10.00,614.00,"6,140.00",2024-02-29
271,HRL,2024022905000652,34,46,10.00,614.00,"6,140.00",2024-02-29
272,HRL,2024022905000653,34,52,10.00,614.00,"6,140.00",2024-02-29
273,HRL,2024022905000658,34,42,30.00,614.00,"18,420.00",2024-02-29
274,HRL,2024022905000663,34,42,10.00,614.00,"6,140.00",2024-02-29
275,HRL,2024022905000665,34,58,10.00,614.00,"6,140.00",2024-02-29
276,HRL,2024022905000666,34,21,20.00,614.00,"12,280.00",2024-02-29
277,HRL,2024022905000667,34,42,10.00,614.00,"6,140.00",2024-02-29
278,HRL,2024022905000668,34,49,10.00,614.00,"6,140.00",2024-02-29
279,HRL,2024022905000672,34,7,10.00,614.00,"6,140.00",2024-02-29
280,HRL,2024022905000677,34,55,10.00,614.00,"6,140.00",2024-02-29
281,HRL,2024022905000679,34,34,10.00,614.00,"6,140.00",2024-02-29
282,HRL,2024022905000682,34,42,10.00,614.00,"6,140.00",2024-02-29
283,HRL,2024022905000684,34,49,10.00,614.00,"6,140.00",2024-02-29
284,HRL,2024022905000691,34,17,10.00,614.00,"6,140.00",2024-02-29
285,HRL,2024022905000692,34,58,100.00,614.00,"61,400.00",2024-02-29
286,HRL,2024022905000693,47,58,20.00,614.00,"12,280.00",2024-02-29
287,HRL,2024022905000696,47,57,10.00,614.00,"6,140.00",2024-02-29
288,HRL,2024022905000697,47,32,30.00,614.00,"18,420.00",2024-02-29
289,HRL,2024022905000699,47,37,20.00,614.00,"12,280.00",2024-02-29
290,HRL,2024022905000700,47,32,21.00,614.00,"12,894.00",2024-02-29
291,HRL,2024022905000701,47,4,10.00,614.00,"6,140.00",2024-02-29
292,HRL,2024022905000702,47,46,10.00,614.00,"6,140.00",2024-02-29
293,HRL,2024022905000715,47,57,10.00,614.00,"6,140.00",2024-02-29
294,HRL,2024022905000716,47,51,10.00,614.00,"6,140.00",2024-02-29
295,HRL,2024022905000717,47,38,10.00,614.00,"6,140.00",2024-02-29
296,HRL,2024022905000718,8,34,10.00,614.50,"6,145.00",2024-02-29
297,HRL,2024022905000719,8,51,10.00,614.50,"6,145.00",2024-02-29
298,HRL,2024022905000720,47,41,11.00,614.00,"6,754.00",2024-02-29
299,HRL,2024022905000727,34,22,20.00,614.00,"12,280.00",2024-02-29
300,HRL,2024022905000746,34,57,10.00,614.00,"6,140.00",2024-02-29
301,HRL,2024022905000750,1,58,20.00,614.60,"12,292.00",2024-02-29
302,HRL,2024022905000751,1,45,500.00,614.90,"307,450.00",2024-02-29
303,HRL,2024022905000752,1,58,10.00,614.90,"6,149.00",2024-02-29
304,HRL,2024022905000753,1,40,10.00,614.90,"6,149.00",2024-02-29
305,HRL,2024022905000755,42,58,10.00,615.00,"6,150.00",2024-02-29
306,HRL,2024022905000756,42,57,10.00,615.00,"6,150.00",2024-02-29
307,HRL,2024022905000757,42,11,20.00,615.00,"12,300.00",2024-02-29
308,HRL,2024022905000758,42,43,20.00,615.00,"12,300.00",2024-02-29
309,HRL,2024022905000759,42,45,20.00,615.00,"12,300.00",2024-02-29
310,HRL,2024022905000760,42,11,10.00,615.00,"6,150.00",2024-02-29
311,HRL,2024022905000761,42,57,10.00,615.00,"6,150.00",2024-02-29
312,HRL,2024022905000762,42,45,10.00,615.00,"6,150.00",2024-02-29
313,HRL,2024022905000763,42,58,120.00,615.00,"73,800.00",2024-02-29
314,HRL,2024022905000764,42,34,10.00,615.00,"6,150.00",2024-02-29
315,HRL,2024022905000765,42,42,40.00,615.00,"24,600.00",2024-02-29
316,HRL,2024022905000766,42,58,10.00,615.00,"6,150.00",2024-02-29
317,HRL,2024022905000767,42,45,20.00,615.00,"12,300.00",2024-02-29
318,HRL,2024022905000768,42,45,10.00,615.00,"6,150.00",2024-02-29
319,HRL,2024022905000769,42,21,10.00,615.00,"6,150.00",2024-02-29
320,HRL,2024022905000770,42,54,10.00,615.00,"6,150.00",2024-02-29
321,HRL,2024022905000771,42,48,30.00,615.00,"18,450.00",2024-02-29
322,HRL,2024022905000772,42,56,10.00,615.00,"6,150.00",2024-02-29
323,HRL,2024022905000773,42,40,30.00,615.00,"18,450.00",2024-02-29
324,HRL,2024022905000774,42,34,10.00,615.00,"6,150.00",2024-02-29
325,HRL,2024022905000775,42,58,10.00,615.00,"6,150.00",2024-02-29
326,HRL,2024022905000776,42,42,30.00,615.00,"18,450.00",2024-02-29
327,HRL,2024022905000777,42,58,10.00,615.00,"6,150.00",2024-02-29
328,HRL,2024022905000778,42,19,20.00,615.00,"12,300.00",2024-02-29
329,HRL,2024022905000779,42,16,10.00,615.00,"6,150.00",2024-02-29
330,HRL,2024022905000780,42,50,20.00,615.00,"12,300.00",2024-02-29
331,HRL,2024022905000781,42,58,10.00,615.00,"6,150.00",2024-02-29
332,HRL,2024022905000782,42,36,10.00,615.00,"6,150.00",2024-02-29
333,HRL,2024022905000783,42,52,10.00,615.00,"6,150.00",2024-02-29
334,HRL,2024022905000784,42,49,10.00,615.00,"6,150.00",2024-02-29
335,HRL,2024022905000785,42,58,10.00,615.00,"6,150.00",2024-02-29
336,HRL,2024022905000786,42,68,20.00,615.00,"12,300.00",2024-02-29
337,HRL,2024022905000787,42,45,20.00,615.00,"12,300.00",2024-02-29
338,HRL,2024022905000788,42,58,10.00,615.00,"6,150.00",2024-02-29
339,HRL,2024022905000789,42,38,10.00,615.00,"6,150.00",2024-02-29
340,HRL,2024022905000790,42,37,370.00,615.00,"227,550.00",2024-02-29
341,HRL,2024022905000795,34,42,20.00,614.00,"12,280.00",2024-02-29
342,HRL,2024022905000798,34,7,10.00,614.00,"6,140.00",2024-02-29
343,HRL,2024022905000800,55,37,60.00,615.00,"36,900.00",2024-02-29
344,HRL,2024022905000801,55,57,10.00,615.00,"6,150.00",2024-02-29
345,HRL,2024022905000802,55,58,10.00,615.00,"6,150.00",2024-02-29
346,HRL,2024022905000803,55,38,10.00,615.00,"6,150.00",2024-02-29
347,HRL,2024022905000804,55,35,10.00,615.00,"6,150.00",2024-02-29
348,HRL,2024022905000805,55,45,30.00,615.00,"18,450.00",2024-02-29
349,HRL,2024022905000806,55,6,10.00,615.00,"6,150.00",2024-02-29
350,HRL,2024022905000807,55,39,10.00,615.00,"6,150.00",2024-02-29
351,HRL,2024022905000808,55,49,10.00,615.00,"6,150.00",2024-02-29
352,HRL,2024022905000809,55,51,10.00,615.00,"6,150.00",2024-02-29
353,HRL,2024022905000810,55,35,10.00,615.00,"6,150.00",2024-02-29
354,HRL,2024022905000811,55,4,10.00,615.00,"6,150.00",2024-02-29
355,HRL,2024022905000812,55,38,10.00,615.00,"6,150.00",2024-02-29
356,HRL,2024022905000813,55,38,10.00,615.00,"6,150.00",2024-02-29
357,HRL,2024022905000814,55,16,20.00,615.00,"12,300.00",2024-02-29
358,HRL,2024022905000815,55,17,10.00,615.00,"6,150.00",2024-02-29
359,HRL,2024022905000816,55,58,10.00,615.00,"6,150.00",2024-02-29
360,HRL,2024022905000817,55,42,10.00,615.00,"6,150.00",2024-02-29
361,HRL,2024022905000818,55,51,10.00,615.00,"6,150.00",2024-02-29
362,HRL,2024022905000819,55,38,30.00,615.00,"18,450.00",2024-02-29
363,HRL,2024022905000820,55,38,10.00,615.00,"6,150.00",2024-02-29
364,HRL,2024022905000821,55,49,10.00,615.00,"6,150.00",2024-02-29
365,HRL,2024022905000822,55,42,10.00,615.00,"6,150.00",2024-02-29
366,HRL,2024022905000823,55,58,10.00,615.00,"6,150.00",2024-02-29
367,HRL,2024022905000825,34,45,10.00,614.00,"6,140.00",2024-02-29
368,HRL,2024022905000827,16,8,10.00,614.10,"6,141.00",2024-02-29
369,HRL,2024022905000828,55,58,10.00,615.00,"6,150.00",2024-02-29
370,HRL,2024022905000829,55,42,10.00,615.00,"6,150.00",2024-02-29
371,HRL,2024022905000830,55,55,200.00,615.00,"123,000.00",2024-02-29
372,HRL,2024022905000835,33,35,10.00,615.20,"6,152.00",2024-02-29
373,HRL,2024022905000843,55,7,10.00,615.00,"6,150.00",2024-02-29
374,HRL,2024022905000850,34,49,20.00,615.10,"12,302.00",2024-02-29
375,HRL,2024022905000856,34,58,10.00,615.10,"6,151.00",2024-02-29
376,HRL,2024022905000868,34,39,100.00,615.10,"61,510.00",2024-02-29
377,HRL,2024022905000869,55,39,900.00,615.00,"553,500.00",2024-02-29
378,HRL,2024022905000871,55,57,10.00,615.00,"6,150.00",2024-02-29
379,HRL,2024022905000875,55,52,10.00,615.00,"6,150.00",2024-02-29
380,HRL,2024022905000876,55,36,"2,000.00",615.00,"1,230,000.00",2024-02-29
381,HRL,2024022905000881,55,7,10.00,615.00,"6,150.00",2024-02-29
382,HRL,2024022905000887,55,38,10.00,615.00,"6,150.00",2024-02-29
383,HRL,2024022905000890,55,49,10.00,615.00,"6,150.00",2024-02-29
384,HRL,2024022905000891,42,4,10.00,615.10,"6,151.00",2024-02-29
385,HRL,2024022905000892,42,35,30.00,615.50,"18,465.00",2024-02-29
386,HRL,2024022905000893,42,46,10.00,615.50,"6,155.00",2024-02-29
387,HRL,2024022905000894,42,45,10.00,615.50,"6,155.00",2024-02-29
388,HRL,2024022905000895,55,86,30.00,615.00,"18,450.00",2024-02-29
389,HRL,2024022905000896,55,42,10.00,615.00,"6,150.00",2024-02-29
390,HRL,2024022905000898,55,7,10.00,615.00,"6,150.00",2024-02-29
391,HRL,2024022905000899,55,35,10.00,615.00,"6,150.00",2024-02-29
392,HRL,2024022905000900,55,49,20.00,615.00,"12,300.00",2024-02-29
393,HRL,2024022905000901,55,40,10.00,615.00,"6,150.00",2024-02-29
394,HRL,2024022905000905,55,35,10.00,615.00,"6,150.00",2024-02-29
395,HRL,2024022905000908,55,33,10.00,615.00,"6,150.00",2024-02-29
396,HRL,2024022905000910,55,26,500.00,615.00,"307,500.00",2024-02-29
397,HRL,2024022905000916,58,45,10.00,615.10,"6,151.00",2024-02-29
398,HRL,2024022905000917,51,45,20.00,615.50,"12,310.00",2024-02-29
399,HRL,2024022905000918,51,34,10.00,615.60,"6,156.00",2024-02-29
400,HRL,2024022905000919,51,17,10.00,615.60,"6,156.00",2024-02-29
401,HRL,2024022905000920,51,4,10.00,616.00,"6,160.00",2024-02-29
402,HRL,2024022905000921,51,41,10.00,616.00,"6,160.00",2024-02-29
403,HRL,2024022905000922,34,6,10.00,615.10,"6,151.00",2024-02-29
404,HRL,2024022905000927,34,7,10.00,615.10,"6,151.00",2024-02-29
405,HRL,2024022905000929,34,45,10.00,615.20,"6,152.00",2024-02-29
406,HRL,2024022905000930,34,45,190.00,615.20,"116,888.00",2024-02-29
407,HRL,2024022905000931,34,45,180.00,615.10,"110,718.00",2024-02-29
408,HRL,2024022905000932,42,45,200.00,615.00,"123,000.00",2024-02-29
409,HRL,2024022905000933,42,45,100.00,615.00,"61,500.00",2024-02-29
410,HRL,2024022905000934,55,45,328.00,615.00,"201,720.00",2024-02-29
411,HRL,2024022905000936,55,34,10.00,615.00,"6,150.00",2024-02-29
412,HRL,2024022905000938,55,42,10.00,615.00,"6,150.00",2024-02-29
413,HRL,2024022905000939,55,49,10.00,615.00,"6,150.00",2024-02-29
414,HRL,2024022905000940,55,38,10.00,615.00,"6,150.00",2024-02-29
415,HRL,2024022905000941,55,56,10.00,615.00,"6,150.00",2024-02-29
416,HRL,2024022905000942,55,57,10.00,615.00,"6,150.00",2024-02-29
417,HRL,2024022905000945,55,7,10.00,615.00,"6,150.00",2024-02-29
418,HRL,2024022905000950,34,38,10.00,615.10,"6,151.00",2024-02-29
419,HRL,2024022905000951,34,58,10.00,615.10,"6,151.00",2024-02-29
420,HRL,2024022905000952,34,7,10.00,615.10,"6,151.00",2024-02-29
421,HRL,2024022905000954,13,41,20.00,615.50,"12,310.00",2024-02-29
422,HRL,2024022905000955,13,58,10.00,616.00,"6,160.00",2024-02-29
423,HRL,2024022905000956,13,55,10.00,616.00,"6,160.00",2024-02-29
424,HRL,2024022905000957,13,32,10.00,616.00,"6,160.00",2024-02-29
425,HRL,2024022905000958,13,53,10.00,616.00,"6,160.00",2024-02-29
426,HRL,2024022905000959,13,45,30.00,616.00,"18,480.00",2024-02-29
427,HRL,2024022905000960,13,48,10.00,616.00,"6,160.00",2024-02-29
428,HRL,2024022905000962,34,32,10.00,615.10,"6,151.00",2024-02-29
429,HRL,2024022905000964,34,32,20.00,615.10,"12,302.00",2024-02-29
430,HRL,2024022905000967,34,36,10.00,615.10,"6,151.00",2024-02-29
431,HRL,2024022905000968,34,7,10.00,615.10,"6,151.00",2024-02-29
432,HRL,2024022905000975,58,55,10.00,616.00,"6,160.00",2024-02-29
433,HRL,2024022905000976,13,50,100.00,615.20,"61,520.00",2024-02-29
434,HRL,2024022905000977,34,50,120.00,615.10,"73,812.00",2024-02-29
435,HRL,2024022905000978,55,50,"1,180.00",615.10,"725,818.00",2024-02-29
436,HRL,2024022905000985,55,45,10.00,615.10,"6,151.00",2024-02-29
437,HRL,2024022905000986,55,41,10.00,615.10,"6,151.00",2024-02-29
438,HRL,2024022905000987,55,7,10.00,615.10,"6,151.00",2024-02-29
439,HRL,2024022905000990,55,49,10.00,615.10,"6,151.00",2024-02-29
440,HRL,2024022905000996,55,42,20.00,615.10,"12,302.00",2024-02-29
441,HRL,2024022905000998,33,56,20.00,615.20,"12,304.00",2024-02-29
442,HRL,2024022905000999,33,46,10.00,615.20,"6,152.00",2024-02-29
443,HRL,2024022905001004,33,58,10.00,615.20,"6,152.00",2024-02-29
444,HRL,2024022905001005,33,36,10.00,615.20,"6,152.00",2024-02-29
445,HRL,2024022905001007,33,21,10.00,615.20,"6,152.00",2024-02-29
446,HRL,2024022905001008,58,49,10.00,615.60,"6,156.00",2024-02-29
447,HRL,2024022905001009,58,55,10.00,616.00,"6,160.00",2024-02-29
448,HRL,2024022905001010,33,42,10.00,615.20,"6,152.00",2024-02-29
449,HRL,2024022905001012,33,7,10.00,615.20,"6,152.00",2024-02-29
450,HRL,2024022905001013,33,58,10.00,615.20,"6,152.00",2024-02-29
451,HRL,2024022905001015,33,42,10.00,615.20,"6,152.00",2024-02-29
452,HRL,2024022905001017,21,55,10.00,616.00,"6,160.00",2024-02-29
453,HRL,2024022905001018,21,4,10.00,616.00,"6,160.00",2024-02-29
454,HRL,2024022905001019,21,42,10.00,616.00,"6,160.00",2024-02-29
455,HRL,2024022905001024,11,33,20.00,616.00,"12,320.00",2024-02-29
456,HRL,2024022905001025,11,8,10.00,616.00,"6,160.00",2024-02-29
457,HRL,2024022905001027,33,58,10.00,615.20,"6,152.00",2024-02-29
458,HRL,2024022905001030,33,7,10.00,615.20,"6,152.00",2024-02-29
459,HRL,2024022905001051,33,4,10.00,615.20,"6,152.00",2024-02-29
460,HRL,2024022905001052,33,58,10.00,615.20,"6,152.00",2024-02-29
461,HRL,2024022905001054,33,44,10.00,615.20,"6,152.00",2024-02-29
462,HRL,2024022905001055,33,45,20.00,615.20,"12,304.00",2024-02-29
463,HRL,2024022905001057,33,54,20.00,615.20,"12,304.00",2024-02-29
464,HRL,2024022905001058,33,39,10.00,615.20,"6,152.00",2024-02-29
465,HRL,2024022905001059,59,39,10.00,615.20,"6,152.00",2024-02-29
466,HRL,2024022905001060,59,58,20.00,615.20,"12,304.00",2024-02-29
467,HRL,2024022905001072,57,34,10.00,615.30,"6,153.00",2024-02-29
468,HRL,2024022905001079,34,4,20.00,615.30,"12,306.00",2024-02-29
469,HRL,2024022905001084,34,41,10.00,615.30,"6,153.00",2024-02-29
470,HRL,2024022905001087,34,6,10.00,615.50,"6,155.00",2024-02-29
471,HRL,2024022905001089,34,42,100.00,615.50,"61,550.00",2024-02-29
472,HRL,2024022905001091,34,35,20.00,615.50,"12,310.00",2024-02-29
473,HRL,2024022905001092,34,21,10.00,615.50,"6,155.00",2024-02-29
474,HRL,2024022905001104,34,36,10.00,615.50,"6,155.00",2024-02-29
475,HRL,2024022905001105,34,45,10.00,615.50,"6,155.00",2024-02-29
476,HRL,2024022905001106,34,57,10.00,615.50,"6,155.00",2024-02-29
477,HRL,2024022905001107,53,57,10.00,615.40,"6,154.00",2024-02-29
478,HRL,2024022905001108,53,58,10.00,615.40,"6,154.00",2024-02-29
479,HRL,2024022905001110,34,58,10.00,615.50,"6,155.00",2024-02-29
480,HRL,2024022905001112,34,4,20.00,615.50,"12,310.00",2024-02-29
481,HRL,2024022905001113,34,35,20.00,615.50,"12,310.00",2024-02-29
482,HRL,2024022905001114,34,75,10.00,615.50,"6,155.00",2024-02-29
483,HRL,2024022905001116,34,55,10.00,615.50,"6,155.00",2024-02-29
484,HRL,2024022905001117,34,34,10.00,615.50,"6,155.00",2024-02-29
485,HRL,2024022905001119,53,19,10.00,615.80,"6,158.00",2024-02-29
486,HRL,2024022905001120,53,42,70.00,615.90,"43,113.00",2024-02-29
487,HRL,2024022905001122,34,49,10.00,615.50,"6,155.00",2024-02-29
488,HRL,2024022905001124,34,42,10.00,615.50,"6,155.00",2024-02-29
489,HRL,2024022905001125,35,29,10.00,615.60,"6,156.00",2024-02-29
490,HRL,2024022905001126,35,42,30.00,615.90,"18,477.00",2024-02-29
491,HRL,2024022905001127,35,8,10.00,616.00,"6,160.00",2024-02-29
492,HRL,2024022905001128,35,26,20.00,616.00,"12,320.00",2024-02-29
493,HRL,2024022905001129,35,58,10.00,616.00,"6,160.00",2024-02-29
494,HRL,2024022905001130,35,41,10.00,616.00,"6,160.00",2024-02-29
495,HRL,2024022905001131,35,22,10.00,616.00,"6,160.00",2024-02-29
496,HRL,2024022905001132,35,49,10.00,616.00,"6,160.00",2024-02-29
497,HRL,2024022905001133,35,45,10.00,616.00,"6,160.00",2024-02-29
498,HRL,2024022905001134,35,37,10.00,616.00,"6,160.00",2024-02-29
499,HRL,2024022905001135,35,26,10.00,616.00,"6,160.00",2024-02-29
500,HRL,2024022905001136,35,53,40.00,616.00,"24,640.00",2024-02-29
501,HRL,2024022905001142,53,58,10.00,617.00,"6,170.00",2024-02-29
502,HRL,2024022905001143,53,21,10.00,617.00,"6,170.00",2024-02-29
503,HRL,2024022905001144,53,83,10.00,617.00,"6,170.00",2024-02-29
504,HRL,2024022905001145,53,56,10.00,617.00,"6,170.00",2024-02-29
505,HRL,2024022905001146,53,49,10.00,617.00,"6,170.00",2024-02-29
506,HRL,2024022905001147,53,49,20.00,617.00,"12,340.00",2024-02-29
507,HRL,2024022905001148,53,58,10.00,617.00,"6,170.00",2024-02-29
508,HRL,2024022905001149,53,57,20.00,617.00,"12,340.00",2024-02-29
509,HRL,2024022905001150,34,35,20.00,616.20,"12,324.00",2024-02-29
510,HRL,2024022905001151,34,32,80.00,616.20,"49,296.00",2024-02-29
511,HRL,2024022905001152,65,32,100.00,616.10,"61,610.00",2024-02-29
512,HRL,2024022905001153,35,32,20.00,616.00,"12,320.00",2024-02-29
513,HRL,2024022905001154,29,32,10.00,616.00,"6,160.00",2024-02-29
514,HRL,2024022905001155,59,32,306.00,616.00,"188,496.00",2024-02-29
515,HRL,2024022905001158,34,56,30.00,616.10,"18,483.00",2024-02-29
516,HRL,2024022905001159,53,45,10.00,616.20,"6,162.00",2024-02-29
517,HRL,2024022905001160,25,4,20.00,616.50,"12,330.00",2024-02-29
518,HRL,2024022905001165,34,35,20.00,616.30,"12,326.00",2024-02-29
519,HRL,2024022905001167,35,58,20.00,616.50,"12,330.00",2024-02-29
520,HRL,2024022905001168,35,57,79.00,617.00,"48,743.00",2024-02-29
521,HRL,2024022905001169,35,35,10.00,617.00,"6,170.00",2024-02-29
522,HRL,2024022905001170,35,42,10.00,617.00,"6,170.00",2024-02-29
523,HRL,2024022905001173,35,34,10.00,617.00,"6,170.00",2024-02-29
524,HRL,2024022905001178,35,56,10.00,617.00,"6,170.00",2024-02-29
525,HRL,2024022905001179,35,58,10.00,617.00,"6,170.00",2024-02-29
526,HRL,2024022905001181,35,49,10.00,617.00,"6,170.00",2024-02-29
527,HRL,2024022905001183,56,51,10.00,618.00,"6,180.00",2024-02-29
528,HRL,2024022905001184,56,22,10.00,618.00,"6,180.00",2024-02-29
529,HRL,2024022905001185,56,55,20.00,618.00,"12,360.00",2024-02-29
530,HRL,2024022905001186,56,58,10.00,618.00,"6,180.00",2024-02-29
531,HRL,2024022905001187,56,58,10.00,618.00,"6,180.00",2024-02-29
532,HRL,2024022905001188,56,40,30.00,618.00,"18,540.00",2024-02-29
533,HRL,2024022905001189,56,14,10.00,618.00,"6,180.00",2024-02-29
534,HRL,2024022905001190,56,35,30.00,618.00,"18,540.00",2024-02-29
535,HRL,2024022905001191,56,57,10.00,618.00,"6,180.00",2024-02-29
536,HRL,2024022905001192,56,7,10.00,618.00,"6,180.00",2024-02-29
537,HRL,2024022905001193,56,43,30.00,618.00,"18,540.00",2024-02-29
538,HRL,2024022905001194,56,74,200.00,618.00,"123,600.00",2024-02-29
539,HRL,2024022905001195,56,52,20.00,618.00,"12,360.00",2024-02-29
540,HRL,2024022905001196,56,55,10.00,618.00,"6,180.00",2024-02-29
541,HRL,2024022905001197,56,49,20.00,618.00,"12,360.00",2024-02-29
542,HRL,2024022905001198,56,39,500.00,618.00,"309,000.00",2024-02-29
543,HRL,2024022905001200,56,17,10.00,618.00,"6,180.00",2024-02-29
544,HRL,2024022905001202,56,58,10.00,618.00,"6,180.00",2024-02-29
545,HRL,2024022905001203,56,81,10.00,618.90,"6,189.00",2024-02-29
546,HRL,2024022905001208,59,81,190.00,618.90,"117,591.00",2024-02-29
547,HRL,2024022905001209,59,71,"1,000.00",619.00,"619,000.00",2024-02-29
548,HRL,2024022905001210,59,52,10.00,619.00,"6,190.00",2024-02-29
549,HRL,2024022905001211,59,55,30.00,619.00,"18,570.00",2024-02-29
550,HRL,2024022905001212,59,57,99.00,619.00,"61,281.00",2024-02-29
551,HRL,2024022905001213,59,22,20.00,619.00,"12,380.00",2024-02-29
552,HRL,2024022905001214,59,51,100.00,619.90,"61,990.00",2024-02-29
553,HRL,2024022905001215,59,34,10.00,620.00,"6,200.00",2024-02-29
554,HRL,2024022905001216,59,25,10.00,620.00,"6,200.00",2024-02-29
555,HRL,2024022905001217,59,49,10.00,620.00,"6,200.00",2024-02-29
556,HRL,2024022905001218,59,58,10.00,620.00,"6,200.00",2024-02-29
557,HRL,2024022905001219,59,54,20.00,620.00,"12,400.00",2024-02-29
558,HRL,2024022905001220,59,54,20.00,620.00,"12,400.00",2024-02-29
559,HRL,2024022905001221,59,54,10.00,620.00,"6,200.00",2024-02-29
560,HRL,2024022905001222,59,90,100.00,620.00,"62,000.00",2024-02-29
561,HRL,2024022905001223,59,58,10.00,620.00,"6,200.00",2024-02-29
562,HRL,2024022905001224,59,58,10.00,620.00,"6,200.00",2024-02-29
563,HRL,2024022905001225,59,58,10.00,620.00,"6,200.00",2024-02-29
564,HRL,2024022905001226,59,49,10.00,620.00,"6,200.00",2024-02-29
565,HRL,2024022905001227,59,13,40.00,620.00,"24,800.00",2024-02-29
566,HRL,2024022905001228,59,45,20.00,620.00,"12,400.00",2024-02-29
567,HRL,2024022905001229,59,94,150.00,620.00,"93,000.00",2024-02-29
568,HRL,2024022905001230,59,22,10.00,620.00,"6,200.00",2024-02-29
569,HRL,2024022905001231,59,8,100.00,620.00,"62,000.00",2024-02-29
570,HRL,2024022905001232,59,36,20.00,620.00,"12,400.00",2024-02-29
571,HRL,2024022905001233,59,52,10.00,620.00,"6,200.00",2024-02-29
572,HRL,2024022905001234,59,32,30.00,620.00,"18,600.00",2024-02-29
573,HRL,2024022905001235,59,57,10.00,620.00,"6,200.00",2024-02-29
574,HRL,2024022905001236,59,58,10.00,620.00,"6,200.00",2024-02-29
575,HRL,2024022905001237,59,57,575.00,620.00,"356,500.00",2024-02-29
576,HRL,2024022905001238,56,35,20.00,618.00,"12,360.00",2024-02-29
577,HRL,2024022905001239,71,57,10.00,620.00,"6,200.00",2024-02-29
578,HRL,2024022905001247,56,35,10.00,618.00,"6,180.00",2024-02-29
579,HRL,2024022905001249,56,13,10.00,618.00,"6,180.00",2024-02-29
580,HRL,2024022905001250,49,17,10.00,620.00,"6,200.00",2024-02-29
581,HRL,2024022905001255,56,7,10.00,618.00,"6,180.00",2024-02-29
582,HRL,2024022905001256,53,71,"1,000.00",619.90,"619,900.00",2024-02-29
583,HRL,2024022905001257,53,4,20.00,620.00,"12,400.00",2024-02-29
584,HRL,2024022905001258,53,49,20.00,620.00,"12,400.00",2024-02-29
585,HRL,2024022905001259,53,58,20.00,620.00,"12,400.00",2024-02-29
586,HRL,2024022905001260,53,58,20.00,620.00,"12,400.00",2024-02-29
587,HRL,2024022905001261,53,39,50.00,620.00,"31,000.00",2024-02-29
588,HRL,2024022905001262,53,42,10.00,620.00,"6,200.00",2024-02-29
589,HRL,2024022905001263,53,18,70.00,620.00,"43,400.00",2024-02-29
590,HRL,2024022905001264,53,58,10.00,620.00,"6,200.00",2024-02-29
591,HRL,2024022905001265,53,34,10.00,620.00,"6,200.00",2024-02-29
592,HRL,2024022905001266,53,58,20.00,620.00,"12,400.00",2024-02-29
593,HRL,2024022905001267,53,58,10.00,620.00,"6,200.00",2024-02-29
594,HRL,2024022905001268,53,51,10.00,620.00,"6,200.00",2024-02-29
595,HRL,2024022905001269,53,49,20.00,620.00,"12,400.00",2024-02-29
596,HRL,2024022905001272,16,13,20.00,618.10,"12,362.00",2024-02-29
597,HRL,2024022905001275,16,34,10.00,618.10,"6,181.00",2024-02-29
598,HRL,2024022905001276,16,35,10.00,618.10,"6,181.00",2024-02-29
599,HRL,2024022905001277,16,35,10.00,618.10,"6,181.00",2024-02-29
600,HRL,2024022905001280,16,45,10.00,618.10,"6,181.00",2024-02-29
601,HRL,2024022905001283,16,8,10.00,618.10,"6,181.00",2024-02-29
602,HRL,2024022905001284,16,56,430.00,618.10,"265,783.00",2024-02-29
603,HRL,2024022905001285,56,56,570.00,618.00,"352,260.00",2024-02-29
604,HRL,2024022905001286,56,7,10.00,618.00,"6,180.00",2024-02-29
605,HRL,2024022905001287,56,49,20.00,618.00,"12,360.00",2024-02-29
606,HRL,2024022905001288,56,13,20.00,618.00,"12,360.00",2024-02-29
607,HRL,2024022905001289,56,58,10.00,618.00,"6,180.00",2024-02-29
608,HRL,2024022905001294,56,57,20.00,618.00,"12,360.00",2024-02-29
609,HRL,2024022905001295,56,84,10.00,618.00,"6,180.00",2024-02-29
610,HRL,2024022905001298,56,58,10.00,618.00,"6,180.00",2024-02-29
611,HRL,2024022905001303,56,32,15.00,618.00,"9,270.00",2024-02-29
612,HRL,2024022905001304,56,49,10.00,618.00,"6,180.00",2024-02-29
613,HRL,2024022905001305,56,62,305.00,618.00,"188,490.00",2024-02-29
614,HRL,2024022905001306,38,62,10.00,618.00,"6,180.00",2024-02-29
615,HRL,2024022905001307,35,62,81.00,617.00,"49,977.00",2024-02-29
616,HRL,2024022905001308,42,62,60.00,617.00,"37,020.00",2024-02-29
617,HRL,2024022905001309,16,62,200.00,615.30,"123,060.00",2024-02-29
618,HRL,2024022905001310,34,62,180.00,615.20,"110,736.00",2024-02-29
619,HRL,2024022905001311,45,62,100.00,615.10,"61,510.00",2024-02-29
620,HRL,2024022905001312,34,62,170.00,615.10,"104,567.00",2024-02-29
621,HRL,2024022905001313,56,62,"1,000.00",615.10,"615,100.00",2024-02-29
622,HRL,2024022905001314,17,62,500.00,615.00,"307,500.00",2024-02-29
623,HRL,2024022905001315,16,62,190.00,614.10,"116,679.00",2024-02-29
624,HRL,2024022905001316,34,62,200.00,614.10,"122,820.00",2024-02-29
625,HRL,2024022905001317,38,62,100.00,614.00,"61,400.00",2024-02-29
626,HRL,2024022905001318,90,62,100.00,614.00,"61,400.00",2024-02-29
627,HRL,2024022905001319,39,62,230.00,613.80,"141,174.00",2024-02-29
628,HRL,2024022905001320,56,62,100.00,613.70,"61,370.00",2024-02-29
629,HRL,2024022905001321,33,62,200.00,613.70,"122,740.00",2024-02-29
630,HRL,2024022905001322,55,62,500.00,613.00,"306,500.00",2024-02-29
631,HRL,2024022905001323,58,62,10.00,613.00,"6,130.00",2024-02-29
632,HRL,2024022905001324,52,62,20.00,612.40,"12,248.00",2024-02-29
633,HRL,2024022905001325,58,62,20.00,612.40,"12,248.00",2024-02-29
634,HRL,2024022905001326,52,62,30.00,612.30,"18,369.00",2024-02-29
635,HRL,2024022905001327,38,62,50.00,612.30,"30,615.00",2024-02-29
636,HRL,2024022905001328,38,62,100.00,612.10,"61,210.00",2024-02-29
637,HRL,2024022905001329,35,62,200.00,612.10,"122,420.00",2024-02-29
638,HRL,2024022905001330,13,62,50.00,612.00,"30,600.00",2024-02-29
639,HRL,2024022905001331,53,62,70.00,612.00,"42,840.00",2024-02-29
640,HRL,2024022905001332,5,62,10.00,612.00,"6,120.00",2024-02-29
641,HRL,2024022905001333,36,62,175.00,611.60,"107,030.00",2024-02-29
642,HRL,2024022905001334,42,62,31.00,611.60,"18,959.60",2024-02-29
643,HRL,2024022905001339,42,34,60.00,611.60,"36,696.00",2024-02-29
644,HRL,2024022905001340,42,51,10.00,611.60,"6,116.00",2024-02-29
645,HRL,2024022905001344,42,16,10.00,611.60,"6,116.00",2024-02-29
646,HRL,2024022905001347,19,3,10.00,612.00,"6,120.00",2024-02-29
647,HRL,2024022905001350,34,56,20.00,612.10,"12,242.00",2024-02-29
648,HRL,2024022905001352,21,34,10.00,615.00,"6,150.00",2024-02-29
649,HRL,2024022905001353,21,50,30.00,616.00,"18,480.00",2024-02-29
650,HRL,2024022905001354,21,28,55.00,618.00,"33,990.00",2024-02-29
651,HRL,2024022905001355,21,57,10.00,618.00,"6,180.00",2024-02-29
652,HRL,2024022905001356,21,46,10.00,619.00,"6,190.00",2024-02-29
653,HRL,2024022905001357,21,26,50.00,619.00,"30,950.00",2024-02-29
654,HRL,2024022905001358,21,43,10.00,619.00,"6,190.00",2024-02-29
655,HRL,2024022905001359,21,39,70.00,619.00,"43,330.00",2024-02-29
656,HRL,2024022905001360,21,48,200.00,619.00,"123,800.00",2024-02-29
657,HRL,2024022905001364,21,58,10.00,613.00,"6,130.00",2024-02-29
658,HRL,2024022905001366,21,45,20.00,613.00,"12,260.00",2024-02-29
659,HRL,2024022905001369,49,45,20.00,613.10,"12,262.00",2024-02-29
660,HRL,2024022905001370,34,28,30.00,613.20,"18,396.00",2024-02-29
661,HRL,2024022905001373,34,16,10.00,613.20,"6,132.00",2024-02-29
662,HRL,2024022905001376,21,52,20.00,615.00,"12,300.00",2024-02-29
663,HRL,2024022905001377,21,3,10.00,615.00,"6,150.00",2024-02-29
664,HRL,2024022905001379,21,45,20.00,615.00,"12,300.00",2024-02-29
665,HRL,2024022905001399,21,4,10.00,615.00,"6,150.00",2024-02-29
666,HRL,2024022905001407,21,45,20.00,615.00,"12,300.00",2024-02-29
667,HRL,2024022905001408,21,42,10.00,615.00,"6,150.00",2024-02-29
668,HRL,2024022905001409,21,37,435.00,615.00,"267,525.00",2024-02-29
669,HRL,2024022905001420,34,42,10.00,613.30,"6,133.00",2024-02-29
670,HRL,2024022905001421,34,42,20.00,613.30,"12,266.00",2024-02-29
671,HRL,2024022905001424,34,58,10.00,613.30,"6,133.00",2024-02-29
672,HRL,2024022905001426,34,42,20.00,613.30,"12,266.00",2024-02-29
673,HRL,2024022905001428,34,49,10.00,613.30,"6,133.00",2024-02-29
674,HRL,2024022905001429,55,37,65.00,615.00,"39,975.00",2024-02-29
675,HRL,2024022905001430,55,58,10.00,615.00,"6,150.00",2024-02-29
676,HRL,2024022905001431,55,85,500.00,615.00,"307,500.00",2024-02-29
677,HRL,2024022905001462,55,6,30.00,615.00,"18,450.00",2024-02-29
678,HRL,2024022905001463,55,37,100.00,615.00,"61,500.00",2024-02-29
679,HRL,2024022905001465,55,3,10.00,615.00,"6,150.00",2024-02-29
680,HRL,2024022905001472,34,47,10.00,615.10,"6,151.00",2024-02-29
681,HRL,2024022905001477,34,34,30.00,615.10,"18,453.00",2024-02-29
682,HRL,2024022905001478,34,55,30.00,615.10,"18,453.00",2024-02-29
683,HRL,2024022905001479,34,45,10.00,615.10,"6,151.00",2024-02-29
684,HRL,2024022905001483,34,84,10.00,615.10,"6,151.00",2024-02-29
685,HRL,2024022905001485,34,45,20.00,615.10,"12,302.00",2024-02-29
686,HRL,2024022905001486,34,11,30.00,615.10,"18,453.00",2024-02-29
687,HRL,2024022905001487,42,49,10.00,615.10,"6,151.00",2024-02-29
688,HRL,2024022905001490,42,45,10.00,615.10,"6,151.00",2024-02-29
689,HRL,2024022905001492,42,45,20.00,615.10,"12,302.00",2024-02-29
690,HRL,2024022905001495,55,56,20.00,615.00,"12,300.00",2024-02-29
691,HRL,2024022905001497,55,52,10.00,615.00,"6,150.00",2024-02-29
692,HRL,2024022905001498,55,11,10.00,615.00,"6,150.00",2024-02-29
693,HRL,2024022905001499,34,49,10.00,615.10,"6,151.00",2024-02-29
694,HRL,2024022905001500,34,11,20.00,615.10,"12,302.00",2024-02-29
695,HRL,2024022905001503,34,62,30.00,615.10,"18,453.00",2024-02-29
696,HRL,2024022905001504,34,45,10.00,615.10,"6,151.00",2024-02-29
697,HRL,2024022905001506,34,58,10.00,615.20,"6,152.00",2024-02-29
698,HRL,2024022905001507,34,22,20.00,615.20,"12,304.00",2024-02-29
699,HRL,2024022905001508,42,59,10.00,616.00,"6,160.00",2024-02-29
700,HRL,2024022905001509,42,6,20.00,616.00,"12,320.00",2024-02-29
701,HRL,2024022905001515,43,52,10.00,615.20,"6,152.00",2024-02-29
702,HRL,2024022905001516,34,52,10.00,615.10,"6,151.00",2024-02-29
703,HRL,2024022905001517,34,3,30.00,615.10,"18,453.00",2024-02-29
704,HRL,2024022905001518,34,43,50.00,615.10,"30,755.00",2024-02-29
705,HRL,2024022905001519,34,17,10.00,615.10,"6,151.00",2024-02-29
706,HRL,2024022905001524,34,4,10.00,615.10,"6,151.00",2024-02-29
707,HRL,2024022905001525,34,49,10.00,615.10,"6,151.00",2024-02-29
708,HRL,2024022905001528,34,53,10.00,615.10,"6,151.00",2024-02-29
709,HRL,2024022905001529,21,35,10.00,615.10,"6,151.00",2024-02-29
710,HRL,2024022905001530,21,18,10.00,615.10,"6,151.00",2024-02-29
711,HRL,2024022905001532,21,45,10.00,615.10,"6,151.00",2024-02-29
712,HRL,2024022905001533,58,45,10.00,615.10,"6,151.00",2024-02-29
713,HRL,2024022905001537,58,64,10.00,615.10,"6,151.00",2024-02-29
714,HRL,2024022905001538,58,58,20.00,615.10,"12,302.00",2024-02-29
715,HRL,2024022905001539,58,17,135.00,615.10,"83,038.50",2024-02-29
716,HRL,2024022905001540,46,17,160.00,615.00,"98,400.00",2024-02-29
717,HRL,2024022905001541,7,17,10.00,615.00,"6,150.00",2024-02-29
718,HRL,2024022905001548,49,4,10.00,613.10,"6,131.00",2024-02-29
719,HRL,2024022905001553,49,57,10.00,613.10,"6,131.00",2024-02-29
720,HRL,2024022905001558,49,58,10.00,613.10,"6,131.00",2024-02-29
721,HRL,2024022905001559,57,1,10.00,613.00,"6,130.00",2024-02-29
722,HRL,2024022905001560,57,8,30.00,613.00,"18,390.00",2024-02-29
723,HRL,2024022905001561,57,90,20.00,613.00,"12,260.00",2024-02-29
724,HRL,2024022905001566,57,34,20.00,613.00,"12,260.00",2024-02-29
725,HRL,2024022905001567,57,58,10.00,613.00,"6,130.00",2024-02-29
726,HRL,2024022905001569,57,49,10.00,613.00,"6,130.00",2024-02-29
727,HRL,2024022905001572,34,62,30.00,612.30,"18,369.00",2024-02-29
728,HRL,2024022905001576,34,4,10.00,612.30,"6,123.00",2024-02-29
729,HRL,2024022905001579,34,59,10.00,612.30,"6,123.00",2024-02-29
730,HRL,2024022905001581,34,35,10.00,612.30,"6,123.00",2024-02-29
731,HRL,2024022905001584,34,58,10.00,612.30,"6,123.00",2024-02-29
732,HRL,2024022905001588,58,51,10.00,613.00,"6,130.00",2024-02-29
733,HRL,2024022905001589,58,35,20.00,613.00,"12,260.00",2024-02-29
734,HRL,2024022905001590,58,58,10.00,613.10,"6,131.00",2024-02-29
735,HRL,2024022905001591,58,94,10.00,614.00,"6,140.00",2024-02-29
736,HRL,2024022905001592,58,17,180.00,615.00,"110,700.00",2024-02-29
737,HRL,2024022905001593,58,29,270.00,615.00,"166,050.00",2024-02-29
738,HRL,2024022905001595,34,6,280.00,612.30,"171,444.00",2024-02-29
739,HRL,2024022905001598,34,6,200.00,612.20,"122,440.00",2024-02-29
740,HRL,2024022905001600,33,56,200.00,612.10,"122,420.00",2024-02-29
741,HRL,2024022905001601,19,56,240.00,612.00,"146,880.00",2024-02-29
742,HRL,2024022905001602,38,56,100.00,612.00,"61,200.00",2024-02-29
743,HRL,2024022905001603,88,56,100.00,612.00,"61,200.00",2024-02-29
744,HRL,2024022905001604,42,56,30.00,612.00,"18,360.00",2024-02-29
745,HRL,2024022905001605,22,56,70.00,612.00,"42,840.00",2024-02-29
746,HRL,2024022905001606,49,56,500.00,612.00,"306,000.00",2024-02-29
747,HRL,2024022905001607,42,41,20.00,611.60,"12,232.00",2024-02-29
748,HRL,2024022905001608,58,56,30.00,612.00,"18,360.00",2024-02-29
749,HRL,2024022905001611,45,56,40.00,612.00,"24,480.00",2024-02-29
750,HRL,2024022905001612,58,56,90.00,612.00,"55,080.00",2024-02-29
751,HRL,2024022905001613,58,6,70.00,612.00,"42,840.00",2024-02-29
752,HRL,2024022905001614,42,6,69.00,611.60,"42,200.40",2024-02-29
753,HRL,2024022905001615,48,6,95.00,611.60,"58,102.00",2024-02-29
754,HRL,2024022905001618,25,4,10.00,611.50,"6,115.00",2024-02-29
755,HRL,2024022905001620,25,6,190.00,611.50,"116,185.00",2024-02-29
756,HRL,2024022905001622,14,6,10.00,611.50,"6,115.00",2024-02-29
757,HRL,2024022905001624,42,43,30.00,611.20,"18,336.00",2024-02-29
758,HRL,2024022905001625,42,38,10.00,611.20,"6,112.00",2024-02-29
759,HRL,2024022905001626,58,6,10.00,611.50,"6,115.00",2024-02-29
760,HRL,2024022905001629,42,49,10.00,611.20,"6,112.00",2024-02-29
761,HRL,2024022905001630,56,6,76.00,611.50,"46,474.00",2024-02-29
762,HRL,2024022905001631,56,45,20.00,611.50,"12,230.00",2024-02-29
763,HRL,2024022905001635,56,34,10.00,611.50,"6,115.00",2024-02-29
764,HRL,2024022905001637,56,58,20.00,611.50,"12,230.00",2024-02-29
765,HRL,2024022905001638,56,18,10.00,611.50,"6,115.00",2024-02-29
766,HRL,2024022905001646,56,38,10.00,611.50,"6,115.00",2024-02-29
767,HRL,2024022905001648,56,3,10.00,611.50,"6,115.00",2024-02-29
768,HRL,2024022905001649,56,34,10.00,611.50,"6,115.00",2024-02-29
769,HRL,2024022905001665,56,58,20.00,611.50,"12,230.00",2024-02-29
770,HRL,2024022905001666,56,58,10.00,611.50,"6,115.00",2024-02-29
771,HRL,2024022905001667,59,38,20.00,611.60,"12,232.00",2024-02-29
772,HRL,2024022905001672,59,58,20.00,611.60,"12,232.00",2024-02-29
773,HRL,2024022905001673,59,84,10.00,611.60,"6,116.00",2024-02-29
774,HRL,2024022905001674,59,19,10.00,611.60,"6,116.00",2024-02-29
775,HRL,2024022905001675,59,8,10.00,611.60,"6,116.00",2024-02-29
776,HRL,2024022905001677,59,45,20.00,611.60,"12,232.00",2024-02-29
777,HRL,2024022905001678,59,13,10.00,611.60,"6,116.00",2024-02-29
778,HRL,2024022905001679,56,8,10.00,611.50,"6,115.00",2024-02-29
779,HRL,2024022905001682,56,35,10.00,611.50,"6,115.00",2024-02-29
780,HRL,2024022905001684,56,36,10.00,612.00,"6,120.00",2024-02-29
781,HRL,2024022905001685,56,11,20.00,612.00,"12,240.00",2024-02-29
782,HRL,2024022905001686,56,42,10.00,612.00,"6,120.00",2024-02-29
783,HRL,2024022905001687,56,48,10.00,612.00,"6,120.00",2024-02-29
784,HRL,2024022905001688,56,49,20.00,611.50,"12,230.00",2024-02-29
785,HRL,2024022905001689,56,45,20.00,611.50,"12,230.00",2024-02-29
786,HRL,2024022905001698,34,35,10.00,611.60,"6,116.00",2024-02-29
787,HRL,2024022905001699,34,55,10.00,611.60,"6,116.00",2024-02-29
788,HRL,2024022905001704,34,34,10.00,611.60,"6,116.00",2024-02-29
789,HRL,2024022905001709,34,17,170.00,611.60,"103,972.00",2024-02-29
790,HRL,2024022905001710,56,17,144.00,611.50,"88,056.00",2024-02-29
791,HRL,2024022905001711,58,17,116.00,611.50,"70,934.00",2024-02-29
792,HRL,2024022905001712,39,17,10.00,611.50,"6,115.00",2024-02-29
793,HRL,2024022905001713,42,17,150.00,611.20,"91,680.00",2024-02-29
794,HRL,2024022905001714,39,17,240.00,611.10,"146,664.00",2024-02-29
795,HRL,2024022905001715,1,17,100.00,611.10,"61,110.00",2024-02-29
796,HRL,2024022905001716,16,17,30.00,611.00,"18,330.00",2024-02-29
797,HRL,2024022905001717,57,17,40.00,611.00,"24,440.00",2024-02-29
798,HRL,2024022905001718,57,58,230.00,611.00,"140,530.00",2024-02-29
799,HRL,2024022905001719,57,17,230.00,611.00,"140,530.00",2024-02-29
800,HRL,2024022905001720,28,17,100.00,611.00,"61,100.00",2024-02-29
801,HRL,2024022905001721,26,17,30.00,611.00,"18,330.00",2024-02-29
802,HRL,2024022905001722,49,17,15.00,611.00,"9,165.00",2024-02-29
803,HRL,2024022905001723,49,17,100.00,611.00,"61,100.00",2024-02-29
804,HRL,2024022905001724,28,17,100.00,610.70,"61,070.00",2024-02-29
805,HRL,2024022905001725,56,17,21.00,610.50,"12,820.50",2024-02-29
806,HRL,2024022905001726,67,17,404.00,610.50,"246,642.00",2024-02-29
807,HRL,2024022905001730,53,58,20.00,611.70,"12,234.00",2024-02-29
808,HRL,2024022905001732,67,56,936.00,610.50,"571,428.00",2024-02-29
809,HRL,2024022905001734,28,57,20.00,610.40,"12,208.00",2024-02-29
810,HRL,2024022905001736,48,56,50.00,610.50,"30,525.00",2024-02-29
811,HRL,2024022905001737,28,32,10.00,610.40,"6,104.00",2024-02-29
812,HRL,2024022905001738,28,83,20.00,610.40,"12,208.00",2024-02-29
813,HRL,2024022905001747,28,42,10.00,610.40,"6,104.00",2024-02-29
814,HRL,2024022905001752,53,56,14.00,610.50,"8,547.00",2024-02-29
815,HRL,2024022905001795,58,17,10.00,610.60,"6,106.00",2024-02-29
816,HRL,2024022905001796,53,17,11.00,610.50,"6,715.50",2024-02-29
817,HRL,2024022905001797,28,17,40.00,610.40,"24,416.00",2024-02-29
818,HRL,2024022905001798,16,17,100.00,610.20,"61,020.00",2024-02-29
819,HRL,2024022905001799,43,17,21.00,610.20,"12,814.20",2024-02-29
820,HRL,2024022905001800,14,17,300.00,610.10,"183,030.00",2024-02-29
821,HRL,2024022905001801,55,17,10.00,610.10,"6,101.00",2024-02-29
822,HRL,2024022905001802,1,17,183.00,610.00,"111,630.00",2024-02-29
823,HRL,2024022905001804,33,56,70.00,610.10,"42,707.00",2024-02-29
824,HRL,2024022905001805,1,57,10.00,610.00,"6,100.00",2024-02-29
825,HRL,2024022905001806,56,56,100.00,610.10,"61,010.00",2024-02-29
826,HRL,2024022905001807,34,49,10.00,610.00,"6,100.00",2024-02-29
827,HRL,2024022905001808,34,58,20.00,610.00,"12,200.00",2024-02-29
828,HRL,2024022905001809,48,56,10.00,610.10,"6,101.00",2024-02-29
829,HRL,2024022905001810,34,46,10.00,610.00,"6,100.00",2024-02-29
830,HRL,2024022905001814,34,57,10.00,610.00,"6,100.00",2024-02-29
831,HRL,2024022905001816,43,32,10.00,610.00,"6,100.00",2024-02-29
832,HRL,2024022905001817,43,45,10.00,610.00,"6,100.00",2024-02-29
833,HRL,2024022905001818,43,38,10.00,610.00,"6,100.00",2024-02-29
834,HRL,2024022905001819,43,45,20.00,610.00,"12,200.00",2024-02-29
835,HRL,2024022905001820,43,1,10.00,610.00,"6,100.00",2024-02-29
836,HRL,2024022905001821,43,3,20.00,610.00,"12,200.00",2024-02-29
837,HRL,2024022905001822,43,62,10.00,610.00,"6,100.00",2024-02-29
838,HRL,2024022905001823,58,56,13.00,610.00,"7,930.00",2024-02-29
839,HRL,2024022905001824,13,56,10.00,610.00,"6,100.00",2024-02-29
840,HRL,2024022905001825,64,56,200.00,610.00,"122,000.00",2024-02-29
841,HRL,2024022905001826,41,56,150.00,610.00,"91,500.00",2024-02-29
842,HRL,2024022905001827,57,56,20.00,610.00,"12,200.00",2024-02-29
843,HRL,2024022905001828,57,56,100.00,610.00,"61,000.00",2024-02-29
844,HRL,2024022905001829,29,56,200.00,610.00,"122,000.00",2024-02-29
845,HRL,2024022905001830,42,56,127.00,610.00,"77,470.00",2024-02-29
846,HRL,2024022905001831,42,57,10.00,610.00,"6,100.00",2024-02-29
847,HRL,2024022905001838,49,42,10.00,610.50,"6,105.00",2024-02-29
848,HRL,2024022905001840,42,58,20.00,610.00,"12,200.00",2024-02-29
849,HRL,2024022905001841,53,45,20.00,610.10,"12,202.00",2024-02-29
850,HRL,2024022905001845,42,8,145.00,610.00,"88,450.00",2024-02-29
851,HRL,2024022905001846,42,58,10.00,610.00,"6,100.00",2024-02-29
852,HRL,2024022905001847,42,58,20.00,610.00,"12,200.00",2024-02-29
853,HRL,2024022905001848,42,42,168.00,610.00,"102,480.00",2024-02-29
854,HRL,2024022905001849,57,42,100.00,610.00,"61,000.00",2024-02-29
855,HRL,2024022905001850,42,42,100.00,610.00,"61,000.00",2024-02-29
856,HRL,2024022905001851,58,42,187.00,610.00,"114,070.00",2024-02-29
857,HRL,2024022905001853,58,58,30.00,610.00,"18,300.00",2024-02-29
858,HRL,2024022905001855,58,41,10.00,610.00,"6,100.00",2024-02-29
859,HRL,2024022905001877,58,58,10.00,610.00,"6,100.00",2024-02-29
860,HRL,2024022905001883,58,41,20.00,610.00,"12,200.00",2024-02-29
861,HRL,2024022905001885,58,38,10.00,610.00,"6,100.00",2024-02-29
862,HRL,2024022905001898,55,57,10.00,610.10,"6,101.00",2024-02-29
863,HRL,2024022905001903,58,58,20.00,610.00,"12,200.00",2024-02-29
864,HRL,2024022905001904,34,55,10.00,610.10,"6,101.00",2024-02-29
865,HRL,2024022905001905,34,49,20.00,610.10,"12,202.00",2024-02-29
866,HRL,2024022905001906,34,52,10.00,610.10,"6,101.00",2024-02-29
867,HRL,2024022905001907,34,58,20.00,610.10,"12,202.00",2024-02-29
868,HRL,2024022905001910,34,28,10.00,610.10,"6,101.00",2024-02-29
869,HRL,2024022905001911,34,13,30.00,610.10,"18,303.00",2024-02-29
870,HRL,2024022905001915,34,35,10.00,610.10,"6,101.00",2024-02-29
871,HRL,2024022905001916,34,35,10.00,610.10,"6,101.00",2024-02-29
872,HRL,2024022905001917,77,4,20.00,610.50,"12,210.00",2024-02-29
873,HRL,2024022905001918,77,6,10.00,611.00,"6,110.00",2024-02-29
874,HRL,2024022905001919,77,41,200.00,611.00,"122,200.00",2024-02-29
875,HRL,2024022905001920,77,14,10.00,611.00,"6,110.00",2024-02-29
876,HRL,2024022905001921,77,58,10.00,611.00,"6,110.00",2024-02-29
877,HRL,2024022905001926,77,45,20.00,610.30,"12,206.00",2024-02-29
878,HRL,2024022905001927,77,38,20.00,610.30,"12,206.00",2024-02-29
879,HRL,2024022905001928,49,29,30.00,611.00,"18,330.00",2024-02-29
880,HRL,2024022905001931,49,38,20.00,611.00,"12,220.00",2024-02-29
881,HRL,2024022905001936,34,43,80.00,610.40,"48,832.00",2024-02-29
882,HRL,2024022905001937,77,43,20.00,610.30,"12,206.00",2024-02-29
883,HRL,2024022905001956,77,44,10.00,610.30,"6,103.00",2024-02-29
884,HRL,2024022905001957,49,22,20.00,611.00,"12,220.00",2024-02-29
885,HRL,2024022905001959,34,58,20.00,610.40,"12,208.00",2024-02-29
886,HRL,2024022905001960,58,1,15.00,611.00,"9,165.00",2024-02-29
887,HRL,2024022905001961,58,42,33.00,611.00,"20,163.00",2024-02-29
888,HRL,2024022905001962,57,55,10.00,611.00,"6,110.00",2024-02-29
889,HRL,2024022905001963,77,11,20.00,611.10,"12,222.00",2024-02-29
890,HRL,2024022905001966,77,25,10.00,611.10,"6,111.00",2024-02-29
891,HRL,2024022905001967,77,58,10.00,611.10,"6,111.00",2024-02-29
892,HRL,2024022905001968,77,42,80.00,611.10,"48,888.00",2024-02-29
893,HRL,2024022905001969,29,22,10.00,611.50,"6,115.00",2024-02-29
894,HRL,2024022905001974,54,36,10.00,611.20,"6,112.00",2024-02-29
895,HRL,2024022905001975,54,11,10.00,611.20,"6,112.00",2024-02-29
896,HRL,2024022905001976,29,58,10.00,611.50,"6,115.00",2024-02-29
897,HRL,2024022905001977,57,58,10.00,611.30,"6,113.00",2024-02-29
898,HRL,2024022905001979,49,58,10.00,611.50,"6,115.00",2024-02-29
899,HRL,2024022905001980,49,84,10.00,611.70,"6,117.00",2024-02-29
900,HRL,2024022905001981,49,58,10.00,612.00,"6,120.00",2024-02-29
901,HRL,2024022905001982,77,58,10.00,612.00,"6,120.00",2024-02-29
902,HRL,2024022905001983,77,34,10.00,612.00,"6,120.00",2024-02-29
903,HRL,2024022905001986,77,58,10.00,612.00,"6,120.00",2024-02-29
904,HRL,2024022905001987,77,28,10.00,612.00,"6,120.00",2024-02-29
905,HRL,2024022905001988,77,58,20.00,612.00,"12,240.00",2024-02-29
906,HRL,2024022905001990,34,38,10.00,612.10,"6,121.00",2024-02-29
907,HRL,2024022905001992,34,4,10.00,612.10,"6,121.00",2024-02-29
908,HRL,2024022905001993,34,42,20.00,612.10,"12,242.00",2024-02-29
909,HRL,2024022905001994,34,38,10.00,612.10,"6,121.00",2024-02-29
910,HRL,2024022905002003,77,22,20.00,612.20,"12,244.00",2024-02-29
911,HRL,2024022905002004,77,21,20.00,612.20,"12,244.00",2024-02-29
912,HRL,2024022905002005,77,21,20.00,613.00,"12,260.00",2024-02-29
913,HRL,2024022905002006,77,38,20.00,613.00,"12,260.00",2024-02-29
914,HRL,2024022905002007,77,49,10.00,614.80,"6,148.00",2024-02-29
915,HRL,2024022905002008,77,34,15.00,614.90,"9,223.50",2024-02-29
916,HRL,2024022905002009,77,50,10.00,614.90,"6,149.00",2024-02-29
917,HRL,2024022905002010,77,29,48.00,615.00,"29,520.00",2024-02-29
918,HRL,2024022905002011,77,52,100.00,615.00,"61,500.00",2024-02-29
919,HRL,2024022905002012,77,41,10.00,615.00,"6,150.00",2024-02-29
920,HRL,2024022905002013,77,58,20.00,615.00,"12,300.00",2024-02-29
921,HRL,2024022905002014,77,42,40.00,615.00,"24,600.00",2024-02-29
922,HRL,2024022905002015,77,22,10.00,615.00,"6,150.00",2024-02-29
923,HRL,2024022905002016,77,46,10.00,615.00,"6,150.00",2024-02-29
924,HRL,2024022905002017,77,58,20.00,615.00,"12,300.00",2024-02-29
925,HRL,2024022905002018,77,50,20.00,615.00,"12,300.00",2024-02-29
926,HRL,2024022905002019,77,34,30.00,615.00,"18,450.00",2024-02-29
927,HRL,2024022905002020,77,45,20.00,615.00,"12,300.00",2024-02-29
928,HRL,2024022905002021,77,40,10.00,615.00,"6,150.00",2024-02-29
929,HRL,2024022905002022,77,45,20.00,615.00,"12,300.00",2024-02-29
930,HRL,2024022905002023,77,38,20.00,615.00,"12,300.00",2024-02-29
931,HRL,2024022905002024,77,49,10.00,615.00,"6,150.00",2024-02-29
932,HRL,2024022905002025,77,58,10.00,615.00,"6,150.00",2024-02-29
933,HRL,2024022905002026,77,56,20.00,615.00,"12,300.00",2024-02-29
934,HRL,2024022905002027,77,19,20.00,615.00,"12,300.00",2024-02-29
935,HRL,2024022905002028,77,21,10.00,615.00,"6,150.00",2024-02-29
936,HRL,2024022905002029,77,34,10.00,615.00,"6,150.00",2024-02-29
937,HRL,2024022905002030,77,47,10.00,615.00,"6,150.00",2024-02-29
938,HRL,2024022905002031,77,58,10.00,615.00,"6,150.00",2024-02-29
939,HRL,2024022905002032,77,45,20.00,615.00,"12,300.00",2024-02-29
940,HRL,2024022905002033,77,4,30.00,615.00,"18,450.00",2024-02-29
941,HRL,2024022905002034,77,22,10.00,615.00,"6,150.00",2024-02-29
942,HRL,2024022905002035,77,34,10.00,615.00,"6,150.00",2024-02-29
943,HRL,2024022905002036,77,46,500.00,615.00,"307,500.00",2024-02-29
944,HRL,2024022905002037,77,8,40.00,615.00,"24,600.00",2024-02-29
945,HRL,2024022905002038,77,46,337.00,615.00,"207,255.00",2024-02-29
946,HRL,2024022905002039,77,43,80.00,612.40,"48,992.00",2024-02-29
947,HRL,2024022905002049,77,38,20.00,614.00,"12,280.00",2024-02-29
948,HRL,2024022905002050,77,46,83.00,615.00,"51,045.00",2024-02-29
949,HRL,2024022905002051,77,6,10.00,615.00,"6,150.00",2024-02-29
950,HRL,2024022905002052,77,8,10.00,615.00,"6,150.00",2024-02-29
951,HRL,2024022905002053,77,52,20.00,615.00,"12,300.00",2024-02-29
952,HRL,2024022905002054,77,38,10.00,615.00,"6,150.00",2024-02-29
953,HRL,2024022905002055,77,56,20.00,615.00,"12,300.00",2024-02-29
954,HRL,2024022905002056,77,33,20.00,615.00,"12,300.00",2024-02-29
955,HRL,2024022905002057,77,58,10.00,615.00,"6,150.00",2024-02-29
956,HRL,2024022905002058,77,33,177.00,615.00,"108,855.00",2024-02-29
957,HRL,2024022905002059,34,35,10.00,612.50,"6,125.00",2024-02-29
958,HRL,2024022905002060,34,22,20.00,612.50,"12,250.00",2024-02-29
959,HRL,2024022905002061,34,49,10.00,612.50,"6,125.00",2024-02-29
960,HRL,2024022905002072,34,58,20.00,612.50,"12,250.00",2024-02-29
961,HRL,2024022905002074,34,21,20.00,612.50,"12,250.00",2024-02-29
962,HRL,2024022905002084,34,58,20.00,612.50,"12,250.00",2024-02-29
963,HRL,2024022905002089,34,47,10.00,611.20,"6,112.00",2024-02-29
964,HRL,2024022905002094,34,32,10.00,611.20,"6,112.00",2024-02-29
965,HRL,2024022905002095,57,34,10.00,611.20,"6,112.00",2024-02-29
966,HRL,2024022905002100,57,22,10.00,614.00,"6,140.00",2024-02-29
967,HRL,2024022905002101,57,42,30.00,614.00,"18,420.00",2024-02-29
968,HRL,2024022905002102,57,7,10.00,614.00,"6,140.00",2024-02-29
969,HRL,2024022905002103,57,33,23.00,614.90,"14,142.70",2024-02-29
970,HRL,2024022905002104,57,10,10.00,615.00,"6,150.00",2024-02-29
971,HRL,2024022905002105,57,45,10.00,615.00,"6,150.00",2024-02-29
972,HRL,2024022905002106,57,22,10.00,615.00,"6,150.00",2024-02-29
973,HRL,2024022905002107,57,38,10.00,615.00,"6,150.00",2024-02-29
974,HRL,2024022905002108,57,67,387.00,615.00,"238,005.00",2024-02-29
975,HRL,2024022905002109,34,32,10.00,611.10,"6,111.00",2024-02-29
976,HRL,2024022905002113,77,32,10.00,611.10,"6,111.00",2024-02-29
977,HRL,2024022905002116,77,32,10.00,611.10,"6,111.00",2024-02-29
978,HRL,2024022905002124,77,32,10.00,611.10,"6,111.00",2024-02-29
979,HRL,2024022905002126,77,70,470.00,611.10,"287,217.00",2024-02-29
980,HRL,2024022905002127,77,70,30.00,611.10,"18,333.00",2024-02-29
981,HRL,2024022905002128,77,58,20.00,611.10,"12,222.00",2024-02-29
982,HRL,2024022905002134,77,32,10.00,611.10,"6,111.00",2024-02-29
983,HRL,2024022905002143,42,21,200.00,611.20,"122,240.00",2024-02-29
984,HRL,2024022905002144,42,19,20.00,611.20,"12,224.00",2024-02-29
985,HRL,2024022905002154,42,45,200.00,611.20,"122,240.00",2024-02-29
986,HRL,2024022905002158,42,19,20.00,611.20,"12,224.00",2024-02-29
987,HRL,2024022905002159,42,44,378.00,611.20,"231,033.60",2024-02-29
988,HRL,2024022905002160,77,44,122.00,611.10,"74,554.20",2024-02-29
989,HRL,2024022905002163,77,14,30.00,611.10,"18,333.00",2024-02-29
990,HRL,2024022905002171,77,19,20.00,611.10,"12,222.00",2024-02-29
991,HRL,2024022905002172,34,58,10.00,611.20,"6,112.00",2024-02-29
992,HRL,2024022905002178,34,56,10.00,611.20,"6,112.00",2024-02-29
993,HRL,2024022905002188,34,38,10.00,611.20,"6,112.00",2024-02-29
994,HRL,2024022905002193,34,57,30.00,611.20,"18,336.00",2024-02-29
995,HRL,2024022905002194,34,1,10.00,611.20,"6,112.00",2024-02-29
996,HRL,2024022905002197,34,44,20.00,611.20,"12,224.00",2024-02-29
997,HRL,2024022905002198,34,56,10.00,611.20,"6,112.00",2024-02-29
998,HRL,2024022905002204,34,28,20.00,611.20,"12,224.00",2024-02-29
999,HRL,2024022905002209,34,28,10.00,611.20,"6,112.00",2024-02-29
1000,HRL,2024022905002214,77,34,10.00,611.50,"6,115.00",2024-02-29
1001,HRL,2024022905002215,77,35,10.00,612.00,"6,120.00",2024-02-29
1002,HRL,2024022905002216,77,58,10.00,612.00,"6,120.00",2024-02-29
1003,HRL,2024022905002217,77,11,10.00,612.00,"6,120.00",2024-02-29
1004,HRL,2024022905002218,77,52,10.00,612.00,"6,120.00",2024-02-29
1005,HRL,2024022905002219,77,58,10.00,612.00,"6,120.00",2024-02-29
1006,HRL,2024022905002221,77,58,10.00,612.00,"6,120.00",2024-02-29
1007,HRL,2024022905002222,77,45,100.00,612.00,"61,200.00",2024-02-29
1008,HRL,2024022905002224,77,35,10.00,612.00,"6,120.00",2024-02-29
1009,HRL,2024022905002225,77,51,10.00,612.00,"6,120.00",2024-02-29
1010,HRL,2024022905002226,77,38,50.00,612.00,"30,600.00",2024-02-29
1011,HRL,2024022905002230,77,28,20.00,612.00,"12,240.00",2024-02-29
1012,HRL,2024022905002236,52,58,10.00,611.30,"6,113.00",2024-02-29
1013,HRL,2024022905002239,52,42,20.00,611.30,"12,226.00",2024-02-29
1014,HRL,2024022905002240,34,42,20.00,611.20,"12,224.00",2024-02-29
1015,HRL,2024022905002248,34,6,10.00,611.20,"6,112.00",2024-02-29
1016,HRL,2024022905002249,34,58,20.00,611.20,"12,224.00",2024-02-29
1017,HRL,2024022905002251,34,35,10.00,611.20,"6,112.00",2024-02-29
1018,HRL,2024022905002252,34,6,10.00,611.20,"6,112.00",2024-02-29
1019,HRL,2024022905002253,34,3,10.00,611.20,"6,112.00",2024-02-29
1020,HRL,2024022905002255,77,26,28.00,612.00,"17,136.00",2024-02-29
1021,HRL,2024022905002256,34,6,10.00,611.20,"6,112.00",2024-02-29
1022,HRL,2024022905002265,57,68,60.00,611.00,"36,660.00",2024-02-29
1023,HRL,2024022905002266,44,68,50.00,611.00,"30,550.00",2024-02-29
1024,HRL,2024022905002267,29,68,200.00,611.00,"122,200.00",2024-02-29
1025,HRL,2024022905002268,38,68,100.00,611.00,"61,100.00",2024-02-29
1026,HRL,2024022905002271,48,34,10.00,610.80,"6,108.00",2024-02-29
1027,HRL,2024022905002276,48,68,90.00,610.80,"54,972.00",2024-02-29
1028,HRL,2024022905002278,48,26,42.00,610.80,"25,653.60",2024-02-29
1029,HRL,2024022905002279,51,26,30.00,610.80,"18,324.00",2024-02-29
1030,HRL,2024022905002280,51,51,10.00,610.80,"6,108.00",2024-02-29
1031,HRL,2024022905002281,51,84,160.00,610.80,"97,728.00",2024-02-29
1032,HRL,2024022905002282,16,84,100.00,610.50,"61,050.00",2024-02-29
1033,HRL,2024022905002283,45,84,100.00,610.50,"61,050.00",2024-02-29
1034,HRL,2024022905002284,90,84,100.00,610.50,"61,050.00",2024-02-29
1035,HRL,2024022905002285,34,84,40.00,610.20,"24,408.00",2024-02-29
1036,HRL,2024022905002291,34,58,10.00,610.20,"6,102.00",2024-02-29
1037,HRL,2024022905002294,34,17,20.00,610.20,"12,204.00",2024-02-29
1038,HRL,2024022905002296,34,58,20.00,610.20,"12,204.00",2024-02-29
1039,HRL,2024022905002300,58,6,10.00,611.00,"6,110.00",2024-02-29
1040,HRL,2024022905002306,59,39,30.00,610.30,"18,309.00",2024-02-29
1041,HRL,2024022905002307,34,26,10.00,610.20,"6,102.00",2024-02-29
1042,HRL,2024022905002308,34,26,90.00,610.20,"54,918.00",2024-02-29
1043,HRL,2024022905002309,34,42,20.00,610.20,"12,204.00",2024-02-29
1044,HRL,2024022905002310,34,52,20.00,610.20,"12,204.00",2024-02-29
1045,HRL,2024022905002311,34,59,30.00,610.20,"18,306.00",2024-02-29
1046,HRL,2024022905002312,34,39,20.00,610.20,"12,204.00",2024-02-29
1047,HRL,2024022905002313,34,51,10.00,610.20,"6,102.00",2024-02-29
1048,HRL,2024022905002314,34,41,10.00,610.20,"6,102.00",2024-02-29
1049,HRL,2024022905002315,17,35,10.00,610.20,"6,102.00",2024-02-29
1050,HRL,2024022905002316,17,39,10.00,610.20,"6,102.00",2024-02-29
1051,HRL,2024022905002321,17,38,10.00,610.20,"6,102.00",2024-02-29
1052,HRL,2024022905002327,17,34,10.00,610.20,"6,102.00",2024-02-29
1053,HRL,2024022905002334,17,21,30.00,610.20,"18,306.00",2024-02-29
1054,HRL,2024022905002340,36,26,65.00,610.30,"39,669.50",2024-02-29
1055,HRL,2024022905002341,17,26,35.00,610.20,"21,357.00",2024-02-29
1056,HRL,2024022905002343,17,14,20.00,610.20,"12,204.00",2024-02-29
1057,HRL,2024022905002345,17,34,75.00,610.20,"45,765.00",2024-02-29
1058,HRL,2024022905002346,42,34,100.00,610.10,"61,010.00",2024-02-29
1059,HRL,2024022905002347,25,34,100.00,610.10,"61,010.00",2024-02-29
1060,HRL,2024022905002348,58,34,500.00,610.10,"305,050.00",2024-02-29
1061,HRL,2024022905002349,38,34,100.00,610.10,"61,010.00",2024-02-29
1062,HRL,2024022905002350,51,34,125.00,610.10,"76,262.50",2024-02-29
1063,HRL,2024022905002353,39,59,30.00,610.20,"18,306.00",2024-02-29
1064,HRL,2024022905002355,34,19,200.00,610.30,"122,060.00",2024-02-29
1065,HRL,2024022905002356,59,19,30.00,610.30,"18,309.00",2024-02-29
1066,HRL,2024022905002357,39,19,105.00,610.20,"64,071.00",2024-02-29
1067,HRL,2024022905002358,51,19,75.00,610.10,"45,757.50",2024-02-29
1068,HRL,2024022905002359,58,19,90.00,610.00,"54,900.00",2024-02-29
1069,HRL,2024022905002360,43,21,30.00,610.90,"18,327.00",2024-02-29
1070,HRL,2024022905002361,43,38,10.00,611.00,"6,110.00",2024-02-29
1071,HRL,2024022905002362,43,33,20.00,611.00,"12,220.00",2024-02-29
1072,HRL,2024022905002363,43,41,10.00,611.00,"6,110.00",2024-02-29
1073,HRL,2024022905002364,43,35,10.00,611.00,"6,110.00",2024-02-29
1074,HRL,2024022905002365,43,49,20.00,611.00,"12,220.00",2024-02-29
1075,HRL,2024022905002366,58,49,10.00,610.00,"6,100.00",2024-02-29
1076,HRL,2024022905002368,38,58,20.00,610.10,"12,202.00",2024-02-29
1077,HRL,2024022905002369,38,1,80.00,610.10,"48,808.00",2024-02-29
1078,HRL,2024022905002370,53,1,10.00,610.10,"6,101.00",2024-02-29
1079,HRL,2024022905002371,53,58,10.00,610.10,"6,101.00",2024-02-29
1080,HRL,2024022905002372,57,58,10.00,610.10,"6,101.00",2024-02-29
1081,HRL,2024022905002373,58,26,100.00,610.00,"61,000.00",2024-02-29
1082,HRL,2024022905002375,34,35,10.00,610.10,"6,101.00",2024-02-29
1083,HRL,2024022905002384,56,45,50.00,610.20,"30,510.00",2024-02-29
1084,HRL,2024022905002390,56,21,10.00,610.20,"6,102.00",2024-02-29
1085,HRL,2024022905002391,56,58,10.00,610.20,"6,102.00",2024-02-29
1086,HRL,2024022905002392,56,42,10.00,610.20,"6,102.00",2024-02-29
1087,HRL,2024022905002393,58,58,20.00,611.20,"12,224.00",2024-02-29
1088,HRL,2024022905002394,58,57,30.00,611.90,"18,357.00",2024-02-29
1089,HRL,2024022905002426,56,42,10.00,610.20,"6,102.00",2024-02-29
1090,HRL,2024022905002428,56,41,10.00,610.20,"6,102.00",2024-02-29
1091,HRL,2024022905002429,34,41,10.00,610.10,"6,101.00",2024-02-29
1092,HRL,2024022905002433,34,48,180.00,610.10,"109,818.00",2024-02-29
1093,HRL,2024022905002434,86,48,100.00,610.10,"61,010.00",2024-02-29
1094,HRL,2024022905002435,58,48,13.00,610.00,"7,930.00",2024-02-29
1095,HRL,2024022905002436,26,48,80.00,610.00,"48,800.00",2024-02-29
1096,HRL,2024022905002437,56,48,100.00,610.00,"61,000.00",2024-02-29
1097,HRL,2024022905002438,34,48,27.00,610.00,"16,470.00",2024-02-29
1098,HRL,2024022905002443,34,49,10.00,610.00,"6,100.00",2024-02-29
1099,HRL,2024022905002447,21,34,10.00,611.00,"6,110.00",2024-02-29
1100,HRL,2024022905002449,34,58,20.00,610.10,"12,202.00",2024-02-29
1101,HRL,2024022905002452,34,34,10.00,610.10,"6,101.00",2024-02-29
1102,HRL,2024022905002453,34,56,10.00,610.10,"6,101.00",2024-02-29
1103,HRL,2024022905002455,34,35,20.00,610.10,"12,202.00",2024-02-29
1104,HRL,2024022905002462,34,34,140.00,610.10,"85,414.00",2024-02-29
1105,HRL,2024022905002463,85,34,500.00,610.10,"305,050.00",2024-02-29
1106,HRL,2024022905002464,34,34,63.00,610.00,"38,430.00",2024-02-29
1107,HRL,2024022905002465,33,34,100.00,610.00,"61,000.00",2024-02-29
1108,HRL,2024022905002466,44,34,100.00,610.00,"61,000.00",2024-02-29
1109,HRL,2024022905002467,36,34,20.00,610.00,"12,200.00",2024-02-29
1110,HRL,2024022905002468,54,34,25.00,610.00,"15,250.00",2024-02-29
1111,HRL,2024022905002469,42,34,50.00,610.00,"30,500.00",2024-02-29
1112,HRL,2024022905002470,55,43,10.00,610.00,"6,100.00",2024-02-29
1113,HRL,2024022905002471,55,35,20.00,610.00,"12,200.00",2024-02-29
1114,HRL,2024022905002482,26,41,10.00,610.20,"6,102.00",2024-02-29
1115,HRL,2024022905002485,26,37,10.00,610.20,"6,102.00",2024-02-29
1116,HRL,2024022905002486,34,58,10.00,610.10,"6,101.00",2024-02-29
1117,HRL,2024022905002487,34,38,20.00,610.10,"12,202.00",2024-02-29
1118,HRL,2024022905002489,34,34,20.00,610.10,"12,202.00",2024-02-29
1119,HRL,2024022905002491,34,1,10.00,610.10,"6,101.00",2024-02-29
1120,HRL,2024022905002493,34,56,140.00,610.10,"85,414.00",2024-02-29
1121,HRL,2024022905002494,55,56,50.00,610.00,"30,500.00",2024-02-29
1122,HRL,2024022905002495,58,56,29.00,610.00,"17,690.00",2024-02-29
1123,HRL,2024022905002496,57,56,181.00,610.00,"110,410.00",2024-02-29
1124,HRL,2024022905002497,57,26,19.00,610.00,"11,590.00",2024-02-29
1125,HRL,2024022905002498,26,26,81.00,610.00,"49,410.00",2024-02-29
1126,HRL,2024022905002499,53,4,20.00,610.10,"12,202.00",2024-02-29
1127,HRL,2024022905002503,56,36,20.00,610.20,"12,204.00",2024-02-29
1128,HRL,2024022905002509,56,35,10.00,610.20,"6,102.00",2024-02-29
1129,HRL,2024022905002512,56,43,10.00,610.20,"6,102.00",2024-02-29
1130,HRL,2024022905002520,40,57,10.00,610.30,"6,103.00",2024-02-29
1131,HRL,2024022905002521,8,38,10.00,611.00,"6,110.00",2024-02-29
1132,HRL,2024022905002522,58,7,20.00,611.00,"12,220.00",2024-02-29
1133,HRL,2024022905002523,58,6,10.00,611.00,"6,110.00",2024-02-29
1134,HRL,2024022905002528,58,34,10.00,611.00,"6,110.00",2024-02-29
1135,HRL,2024022905002530,58,36,10.00,611.00,"6,110.00",2024-02-29
1136,HRL,2024022905002533,58,42,10.00,611.00,"6,110.00",2024-02-29
1137,HRL,2024022905002543,58,48,10.00,611.00,"6,110.00",2024-02-29
1138,HRL,2024022905002551,40,49,10.00,610.30,"6,103.00",2024-02-29
1139,HRL,2024022905002552,53,49,10.00,610.30,"6,103.00",2024-02-29
1140,HRL,2024022905002553,34,58,10.00,610.30,"6,103.00",2024-02-29
1141,HRL,2024022905002555,34,42,10.00,610.30,"6,103.00",2024-02-29
1142,HRL,2024022905002569,41,36,10.00,611.00,"6,110.00",2024-02-29
1143,HRL,2024022905002570,41,52,10.00,611.00,"6,110.00",2024-02-29
1144,HRL,2024022905002571,41,58,10.00,611.00,"6,110.00",2024-02-29
1145,HRL,2024022905002572,41,55,10.00,611.00,"6,110.00",2024-02-29
1146,HRL,2024022905002573,41,6,10.00,611.00,"6,110.00",2024-02-29
1147,HRL,2024022905002574,41,54,10.00,611.00,"6,110.00",2024-02-29
1148,HRL,2024022905002575,41,55,10.00,611.00,"6,110.00",2024-02-29
1149,HRL,2024022905002577,41,58,10.00,611.00,"6,110.00",2024-02-29
1150,HRL,2024022905002584,41,11,20.00,611.00,"12,220.00",2024-02-29
1151,HRL,2024022905002587,41,42,10.00,611.00,"6,110.00",2024-02-29
1152,HRL,2024022905002596,56,26,20.00,611.10,"12,222.00",2024-02-29
1153,HRL,2024022905002599,56,35,10.00,611.10,"6,111.00",2024-02-29
1154,HRL,2024022905002601,56,19,10.00,611.10,"6,111.00",2024-02-29
1155,HRL,2024022905002605,33,47,30.00,611.20,"18,336.00",2024-02-29
1156,HRL,2024022905002608,41,58,10.00,612.00,"6,120.00",2024-02-29
1157,HRL,2024022905002609,41,48,20.00,612.00,"12,240.00",2024-02-29
1158,HRL,2024022905002610,41,38,10.00,612.00,"6,120.00",2024-02-29
1159,HRL,2024022905002611,41,34,10.00,612.00,"6,120.00",2024-02-29
1160,HRL,2024022905002612,41,17,10.00,612.00,"6,120.00",2024-02-29
1161,HRL,2024022905002613,41,37,200.00,612.00,"122,400.00",2024-02-29
1162,HRL,2024022905002617,34,25,10.00,611.30,"6,113.00",2024-02-29
1163,HRL,2024022905002620,34,58,10.00,611.30,"6,113.00",2024-02-29
1164,HRL,2024022905002627,16,38,20.00,611.50,"12,230.00",2024-02-29
1165,HRL,2024022905002628,16,49,10.00,611.50,"6,115.00",2024-02-29
1166,HRL,2024022905002630,16,5,10.00,611.50,"6,115.00",2024-02-29
1167,HRL,2024022905002631,16,45,10.00,611.50,"6,115.00",2024-02-29
1168,HRL,2024022905002632,16,51,10.00,611.50,"6,115.00",2024-02-29
1169,HRL,2024022905002634,36,58,10.00,612.00,"6,120.00",2024-02-29
1170,HRL,2024022905002635,36,35,10.00,613.00,"6,130.00",2024-02-29
1171,HRL,2024022905002636,36,49,30.00,613.00,"18,390.00",2024-02-29
1172,HRL,2024022905002637,36,58,10.00,613.00,"6,130.00",2024-02-29
1173,HRL,2024022905002638,36,58,10.00,613.00,"6,130.00",2024-02-29
1174,HRL,2024022905002639,36,37,10.00,613.00,"6,130.00",2024-02-29
1175,HRL,2024022905002641,16,49,20.00,611.50,"12,230.00",2024-02-29
1176,HRL,2024022905002642,16,35,10.00,611.50,"6,115.00",2024-02-29
1177,HRL,2024022905002643,16,59,10.00,611.50,"6,115.00",2024-02-29
1178,HRL,2024022905002644,34,59,20.00,611.30,"12,226.00",2024-02-29
1179,HRL,2024022905002647,34,58,10.00,611.30,"6,113.00",2024-02-29
1180,HRL,2024022905002651,56,5,10.00,611.40,"6,114.00",2024-02-29
1181,HRL,2024022905002657,56,49,10.00,611.40,"6,114.00",2024-02-29
1182,HRL,2024022905002666,34,56,10.00,611.50,"6,115.00",2024-02-29
1183,HRL,2024022905002668,34,49,20.00,611.50,"12,230.00",2024-02-29
1184,HRL,2024022905002679,34,35,10.00,611.50,"6,115.00",2024-02-29
1185,HRL,2024022905002680,34,58,20.00,611.50,"12,230.00",2024-02-29
1186,HRL,2024022905002682,34,58,10.00,611.50,"6,115.00",2024-02-29
1187,HRL,2024022905002687,34,47,10.00,611.50,"6,115.00",2024-02-29
1188,HRL,2024022905002694,53,51,20.00,612.00,"12,240.00",2024-02-29
1189,HRL,2024022905002695,34,17,40.00,611.50,"24,460.00",2024-02-29
1190,HRL,2024022905002697,49,34,10.00,612.00,"6,120.00",2024-02-29
1191,HRL,2024022905002698,49,4,45.00,612.50,"27,562.50",2024-02-29
1192,HRL,2024022905002708,34,7,10.00,611.50,"6,115.00",2024-02-29
1193,HRL,2024022905002720,34,49,10.00,611.50,"6,115.00",2024-02-29
1194,HRL,2024022905002721,34,7,10.00,611.50,"6,115.00",2024-02-29
1195,HRL,2024022905002723,34,58,10.00,611.50,"6,115.00",2024-02-29
1196,HRL,2024022905002724,34,52,10.00,611.50,"6,115.00",2024-02-29
1197,HRL,2024022905002728,34,45,10.00,611.50,"6,115.00",2024-02-29
1198,HRL,2024022905002732,34,55,10.00,611.50,"6,115.00",2024-02-29
1199,HRL,2024022905002734,34,8,10.00,611.50,"6,115.00",2024-02-29
1200,HRL,2024022905002735,34,8,10.00,611.50,"6,115.00",2024-02-29
1201,HRL,2024022905002736,34,58,10.00,611.50,"6,115.00",2024-02-29
1202,HRL,2024022905002737,34,8,10.00,611.50,"6,115.00",2024-02-29
1203,HRL,2024022905002739,34,8,10.00,611.50,"6,115.00",2024-02-29
1204,HRL,2024022905002740,34,56,20.00,611.50,"12,230.00",2024-02-29
1205,HRL,2024022905002744,34,4,70.00,611.50,"42,805.00",2024-02-29
1206,HRL,2024022905002745,57,4,25.00,611.50,"15,287.50",2024-02-29
1207,HRL,2024022905002746,25,4,50.00,611.50,"30,575.00",2024-02-29
1208,HRL,2024022905002751,56,38,10.00,611.40,"6,114.00",2024-02-29
1209,HRL,2024022905002754,56,34,30.00,611.40,"18,342.00",2024-02-29
1210,HRL,2024022905002755,34,4,60.00,611.50,"36,690.00",2024-02-29
1211,HRL,2024022905002757,34,11,55.00,611.50,"33,632.50",2024-02-29
1212,HRL,2024022905002765,34,55,85.00,611.50,"51,977.50",2024-02-29
1213,HRL,2024022905002766,56,55,415.00,611.40,"253,731.00",2024-02-29
1214,HRL,2024022905002771,56,45,10.00,611.40,"6,114.00",2024-02-29
1215,HRL,2024022905002773,41,6,50.00,611.50,"30,575.00",2024-02-29
1216,HRL,2024022905002774,41,34,100.00,611.80,"61,180.00",2024-02-29
1217,HRL,2024022905002775,41,13,10.00,611.90,"6,119.00",2024-02-29
1218,HRL,2024022905002776,41,32,30.00,612.00,"18,360.00",2024-02-29
1219,HRL,2024022905002777,41,58,20.00,612.00,"12,240.00",2024-02-29
1220,HRL,2024022905002778,41,52,20.00,612.00,"12,240.00",2024-02-29
1221,HRL,2024022905002779,41,57,99.00,612.00,"60,588.00",2024-02-29
1222,HRL,2024022905002782,41,36,10.00,612.00,"6,120.00",2024-02-29
1223,HRL,2024022905002783,41,38,20.00,612.00,"12,240.00",2024-02-29
1224,HRL,2024022905002784,41,34,20.00,612.00,"12,240.00",2024-02-29
1225,HRL,2024022905002790,41,7,10.00,612.00,"6,120.00",2024-02-29
1226,HRL,2024022905002791,41,6,10.00,612.00,"6,120.00",2024-02-29
1227,HRL,2024022905002802,41,14,10.00,612.00,"6,120.00",2024-02-29
1228,HRL,2024022905002803,41,53,20.00,612.00,"12,240.00",2024-02-29
1229,HRL,2024022905002808,41,13,10.00,612.00,"6,120.00",2024-02-29
1230,HRL,2024022905002811,41,34,10.00,612.00,"6,120.00",2024-02-29
1231,HRL,2024022905002813,56,50,15.00,611.40,"9,171.00",2024-02-29
1232,HRL,2024022905002814,34,50,185.00,611.30,"113,090.50",2024-02-29
1233,HRL,2024022905002817,34,21,10.00,611.30,"6,113.00",2024-02-29
1234,HRL,2024022905002819,33,22,10.00,611.20,"6,112.00",2024-02-29
1235,HRL,2024022905002821,33,47,10.00,611.20,"6,112.00",2024-02-29
1236,HRL,2024022905002825,33,41,20.00,611.20,"12,224.00",2024-02-29
1237,HRL,2024022905002827,33,35,10.00,611.20,"6,112.00",2024-02-29
1238,HRL,2024022905002828,33,37,190.00,611.20,"116,128.00",2024-02-29
1239,HRL,2024022905002830,34,34,10.00,611.30,"6,113.00",2024-02-29
1240,HRL,2024022905002831,34,29,195.00,611.30,"119,203.50",2024-02-29
1241,HRL,2024022905002832,33,29,230.00,611.20,"140,576.00",2024-02-29
1242,HRL,2024022905002838,56,34,10.00,611.10,"6,111.00",2024-02-29
1243,HRL,2024022905002867,56,49,10.00,611.10,"6,111.00",2024-02-29
1244,HRL,2024022905002880,57,45,30.00,611.00,"18,330.00",2024-02-29
1245,HRL,2024022905002882,57,36,10.00,611.00,"6,110.00",2024-02-29
1246,HRL,2024022905002883,57,42,20.00,611.00,"12,220.00",2024-02-29
1247,HRL,2024022905002885,57,29,40.00,611.00,"24,440.00",2024-02-29
1248,HRL,2024022905002886,17,29,35.00,611.00,"21,385.00",2024-02-29
1249,HRL,2024022905002887,17,37,90.00,611.00,"54,990.00",2024-02-29
1250,HRL,2024022905002893,17,34,10.00,611.00,"6,110.00",2024-02-29
1251,HRL,2024022905002894,17,56,165.00,611.00,"100,815.00",2024-02-29
1252,HRL,2024022905002895,16,56,100.00,611.00,"61,100.00",2024-02-29
1253,HRL,2024022905002896,14,56,100.00,611.00,"61,100.00",2024-02-29
1254,HRL,2024022905002897,16,7,20.00,610.30,"12,206.00",2024-02-29
1255,HRL,2024022905002898,34,7,80.00,610.30,"48,824.00",2024-02-29
1256,HRL,2024022905002899,34,34,10.00,610.30,"6,103.00",2024-02-29
1257,HRL,2024022905002901,34,52,30.00,610.30,"18,309.00",2024-02-29
1258,HRL,2024022905002902,34,34,10.00,610.30,"6,103.00",2024-02-29
1259,HRL,2024022905002926,34,48,70.00,610.30,"42,721.00",2024-02-29
1260,HRL,2024022905002931,21,29,10.00,610.20,"6,102.00",2024-02-29
1261,HRL,2024022905002932,21,34,10.00,610.20,"6,102.00",2024-02-29
1262,HRL,2024022905002933,21,34,10.00,610.20,"6,102.00",2024-02-29
1263,HRL,2024022905002934,57,34,10.00,610.20,"6,102.00",2024-02-29
1264,HRL,2024022905002937,5,48,30.00,610.30,"18,309.00",2024-02-29
1265,HRL,2024022905002941,57,1,30.00,610.20,"18,306.00",2024-02-29
1266,HRL,2024022905002942,57,57,10.00,610.20,"6,102.00",2024-02-29
1267,HRL,2024022905002944,57,38,40.00,610.20,"24,408.00",2024-02-29
1268,HRL,2024022905002946,57,61,110.00,610.20,"67,122.00",2024-02-29
1269,HRL,2024022905002947,57,61,50.00,610.10,"30,505.00",2024-02-29
1270,HRL,2024022905002948,67,61,20.00,610.10,"12,202.00",2024-02-29
1271,HRL,2024022905002949,26,61,16.00,610.00,"9,760.00",2024-02-29
1272,HRL,2024022905002950,34,61,500.00,610.00,"305,000.00",2024-02-29
1273,HRL,2024022905002951,35,61,30.00,610.00,"18,300.00",2024-02-29
1274,HRL,2024022905002952,34,61,60.00,610.00,"36,600.00",2024-02-29
1275,HRL,2024022905002953,58,61,50.00,610.00,"30,500.00",2024-02-29
1276,HRL,2024022905002954,28,61,100.00,610.00,"61,000.00",2024-02-29
1277,HRL,2024022905002955,35,61,34.00,610.00,"20,740.00",2024-02-29
1278,HRL,2024022905002956,35,5,26.00,610.00,"15,860.00",2024-02-29
1279,HRL,2024022905002957,13,5,14.00,610.00,"8,540.00",2024-02-29
1280,HRL,2024022905002986,42,58,10.00,610.00,"6,100.00",2024-02-29
1281,HRL,2024022905002987,42,52,10.00,610.00,"6,100.00",2024-02-29
1282,HRL,2024022905002995,42,7,10.00,610.00,"6,100.00",2024-02-29
1283,HRL,2024022905002996,42,58,20.00,610.00,"12,200.00",2024-02-29
1284,HRL,2024022905002997,88,58,10.00,610.00,"6,100.00",2024-02-29
1285,HRL,2024022905002998,57,58,10.00,610.00,"6,100.00",2024-02-29
1286,HRL,2024022905002999,46,58,164.00,610.00,"100,040.00",2024-02-29
1287,HRL,2024022905003008,57,34,100.00,609.60,"60,960.00",2024-02-29
1288,HRL,2024022905003009,45,34,400.00,609.50,"243,800.00",2024-02-29
1289,HRL,2024022905003010,46,34,56.00,609.20,"34,115.20",2024-02-29
1290,HRL,2024022905003011,34,34,200.00,609.10,"121,820.00",2024-02-29
1291,HRL,2024022905003012,6,34,20.00,609.00,"12,180.00",2024-02-29
1292,HRL,2024022905003013,43,34,30.00,609.00,"18,270.00",2024-02-29
1293,HRL,2024022905003014,28,34,100.00,609.00,"60,900.00",2024-02-29
1294,HRL,2024022905003015,41,34,25.00,609.00,"15,225.00",2024-02-29
1295,HRL,2024022905003016,38,38,20.00,608.30,"12,166.00",2024-02-29
1296,HRL,2024022905003025,38,38,10.00,608.30,"6,083.00",2024-02-29
1297,HRL,2024022905003027,38,58,10.00,608.30,"6,083.00",2024-02-29
1298,HRL,2024022905003028,38,36,10.00,608.30,"6,083.00",2024-02-29
1299,HRL,2024022905003029,13,38,10.00,608.20,"6,082.00",2024-02-29
1300,HRL,2024022905003030,13,38,10.00,608.20,"6,082.00",2024-02-29
1301,HRL,2024022905003033,34,35,10.00,608.20,"6,082.00",2024-02-29
1302,HRL,2024022905003034,34,49,30.00,608.20,"18,246.00",2024-02-29
1303,HRL,2024022905003039,34,35,10.00,608.20,"6,082.00",2024-02-29
1304,HRL,2024022905003043,34,38,10.00,608.20,"6,082.00",2024-02-29
1305,HRL,2024022905003047,34,38,10.00,608.20,"6,082.00",2024-02-29
1306,HRL,2024022905003048,34,34,30.00,608.20,"18,246.00",2024-02-29
1307,HRL,2024022905003049,56,34,100.00,608.10,"60,810.00",2024-02-29
1308,HRL,2024022905003050,33,34,41.00,608.10,"24,932.10",2024-02-29
1309,HRL,2024022905003052,33,38,10.00,608.10,"6,081.00",2024-02-29
1310,HRL,2024022905003053,33,49,20.00,608.10,"12,162.00",2024-02-29
1311,HRL,2024022905003056,33,1,40.00,608.10,"24,324.00",2024-02-29
1312,HRL,2024022905003057,33,54,30.00,608.10,"18,243.00",2024-02-29
1313,HRL,2024022905003058,33,42,75.00,608.10,"45,607.50",2024-02-29
1314,HRL,2024022905003061,33,58,296.00,608.10,"179,997.60",2024-02-29
1315,HRL,2024022905003063,33,42,10.00,608.10,"6,081.00",2024-02-29
1316,HRL,2024022905003070,34,58,10.00,608.20,"6,082.00",2024-02-29
1317,HRL,2024022905003072,34,52,20.00,608.20,"12,164.00",2024-02-29
1318,HRL,2024022905003073,25,16,100.00,608.40,"60,840.00",2024-02-29
1319,HRL,2024022905003074,34,53,40.00,608.20,"24,328.00",2024-02-29
1320,HRL,2024022905003075,34,42,10.00,608.20,"6,082.00",2024-02-29
1321,HRL,2024022905003078,55,16,100.00,608.40,"60,840.00",2024-02-29
1322,HRL,2024022905003081,55,44,"1,000.00",608.40,"608,400.00",2024-02-29
1323,HRL,2024022905003083,34,35,99.00,608.50,"60,241.50",2024-02-29
1324,HRL,2024022905003087,34,55,10.00,608.50,"6,085.00",2024-02-29
1325,HRL,2024022905003093,34,51,10.00,608.50,"6,085.00",2024-02-29
1326,HRL,2024022905003094,21,42,10.00,608.50,"6,085.00",2024-02-29
1327,HRL,2024022905003097,21,51,30.00,608.50,"18,255.00",2024-02-29
1328,HRL,2024022905003098,21,42,20.00,608.50,"12,170.00",2024-02-29
1329,HRL,2024022905003102,21,29,196.00,608.50,"119,266.00",2024-02-29
1330,HRL,2024022905003103,21,49,10.00,608.50,"6,085.00",2024-02-29
1331,HRL,2024022905003105,21,16,20.00,608.50,"12,170.00",2024-02-29
1332,HRL,2024022905003106,21,50,20.00,608.50,"12,170.00",2024-02-29
1333,HRL,2024022905003107,21,16,10.00,608.50,"6,085.00",2024-02-29
1334,HRL,2024022905003108,21,21,20.00,608.50,"12,170.00",2024-02-29
1335,HRL,2024022905003111,21,45,10.00,608.50,"6,085.00",2024-02-29
1336,HRL,2024022905003112,21,42,10.00,608.50,"6,085.00",2024-02-29
1337,HRL,2024022905003119,34,32,201.00,608.60,"122,328.60",2024-02-29
1338,HRL,2024022905003120,21,42,10.00,608.50,"6,085.00",2024-02-29
1339,HRL,2024022905003121,21,42,10.00,608.50,"6,085.00",2024-02-29
1340,HRL,2024022905003122,21,57,29.00,608.50,"17,646.50",2024-02-29
1341,HRL,2024022905003125,17,42,10.00,608.50,"6,085.00",2024-02-29
1342,HRL,2024022905003138,5,57,20.00,609.00,"12,180.00",2024-02-29
1343,HRL,2024022905003139,49,35,30.00,608.60,"18,258.00",2024-02-29
1344,HRL,2024022905003140,34,35,200.00,608.60,"121,720.00",2024-02-29
1345,HRL,2024022905003141,58,35,150.00,608.60,"91,290.00",2024-02-29
1346,HRL,2024022905003144,58,4,10.00,608.60,"6,086.00",2024-02-29
1347,HRL,2024022905003147,58,49,10.00,608.60,"6,086.00",2024-02-29
1348,HRL,2024022905003148,58,51,10.00,608.60,"6,086.00",2024-02-29
1349,HRL,2024022905003149,34,42,10.00,608.70,"6,087.00",2024-02-29
1350,HRL,2024022905003155,34,52,10.00,608.70,"6,087.00",2024-02-29
1351,HRL,2024022905003162,34,58,10.00,608.70,"6,087.00",2024-02-29
1352,HRL,2024022905003163,34,58,10.00,608.70,"6,087.00",2024-02-29
1353,HRL,2024022905003164,37,34,10.00,608.80,"6,088.00",2024-02-29
1354,HRL,2024022905003166,37,42,10.00,608.80,"6,088.00",2024-02-29
1355,HRL,2024022905003167,34,22,10.00,609.00,"6,090.00",2024-02-29
1356,HRL,2024022905003168,34,41,150.00,609.00,"91,350.00",2024-02-29
1357,HRL,2024022905003169,37,1,10.00,608.80,"6,088.00",2024-02-29
1358,HRL,2024022905003170,57,41,20.00,609.00,"12,180.00",2024-02-29
1359,HRL,2024022905003173,34,39,100.00,609.00,"60,900.00",2024-02-29
1360,HRL,2024022905003174,34,41,100.00,609.00,"60,900.00",2024-02-29
1361,HRL,2024022905003176,58,35,100.00,609.00,"60,900.00",2024-02-29
1362,HRL,2024022905003180,58,58,20.00,609.00,"12,180.00",2024-02-29
1363,HRL,2024022905003181,56,8,10.00,609.00,"6,090.00",2024-02-29
1364,HRL,2024022905003182,56,42,10.00,609.00,"6,090.00",2024-02-29
1365,HRL,2024022905003183,37,57,30.00,608.80,"18,264.00",2024-02-29
1366,HRL,2024022905003186,37,8,10.00,608.80,"6,088.00",2024-02-29
1367,HRL,2024022905003191,37,8,10.00,608.80,"6,088.00",2024-02-29
1368,HRL,2024022905003194,37,47,10.00,608.80,"6,088.00",2024-02-29
1369,HRL,2024022905003197,37,8,10.00,608.80,"6,088.00",2024-02-29
1370,HRL,2024022905003198,37,16,10.00,608.80,"6,088.00",2024-02-29
1371,HRL,2024022905003199,37,47,20.00,608.80,"12,176.00",2024-02-29
1372,HRL,2024022905003200,55,34,30.00,609.00,"18,270.00",2024-02-29
1373,HRL,2024022905003201,55,13,30.00,609.30,"18,279.00",2024-02-29
1374,HRL,2024022905003202,55,45,10.00,610.00,"6,100.00",2024-02-29
1375,HRL,2024022905003203,55,37,20.00,610.00,"12,200.00",2024-02-29
1376,HRL,2024022905003204,55,11,10.00,610.00,"6,100.00",2024-02-29
1377,HRL,2024022905003205,55,54,30.00,610.00,"18,300.00",2024-02-29
1378,HRL,2024022905003206,55,49,30.00,610.00,"18,300.00",2024-02-29
1379,HRL,2024022905003207,55,18,10.00,610.00,"6,100.00",2024-02-29
1380,HRL,2024022905003208,55,49,40.00,610.00,"24,400.00",2024-02-29
1381,HRL,2024022905003209,55,47,10.00,610.00,"6,100.00",2024-02-29
1382,HRL,2024022905003210,55,35,20.00,610.00,"12,200.00",2024-02-29
1383,HRL,2024022905003211,55,49,30.00,610.00,"18,300.00",2024-02-29
1384,HRL,2024022905003212,55,18,10.00,610.00,"6,100.00",2024-02-29
1385,HRL,2024022905003213,55,58,10.00,610.00,"6,100.00",2024-02-29
1386,HRL,2024022905003214,55,57,10.00,610.00,"6,100.00",2024-02-29
1387,HRL,2024022905003215,55,38,30.00,610.00,"18,300.00",2024-02-29
1388,HRL,2024022905003216,55,22,10.00,610.00,"6,100.00",2024-02-29
1389,HRL,2024022905003217,55,58,50.00,610.00,"30,500.00",2024-02-29
1390,HRL,2024022905003218,55,41,20.00,610.00,"12,200.00",2024-02-29
1391,HRL,2024022905003219,55,38,10.00,610.00,"6,100.00",2024-02-29
1392,HRL,2024022905003220,55,58,10.00,610.00,"6,100.00",2024-02-29
1393,HRL,2024022905003225,34,56,10.00,610.10,"6,101.00",2024-02-29
1394,HRL,2024022905003238,34,35,20.00,610.10,"12,202.00",2024-02-29
1395,HRL,2024022905003243,34,58,10.00,610.10,"6,101.00",2024-02-29
1396,HRL,2024022905003244,34,65,160.00,610.10,"97,616.00",2024-02-29
1397,HRL,2024022905003245,55,65,"2,895.00",610.00,"1,765,950.00",2024-02-29
1398,HRL,2024022905003246,55,38,10.00,610.00,"6,100.00",2024-02-29
1399,HRL,2024022905003247,55,11,10.00,610.00,"6,100.00",2024-02-29
1400,HRL,2024022905003248,55,49,10.00,610.00,"6,100.00",2024-02-29
1401,HRL,2024022905003252,55,58,10.00,610.00,"6,100.00",2024-02-29
1402,HRL,2024022905003254,26,38,10.00,610.10,"6,101.00",2024-02-29
1403,HRL,2024022905003255,34,49,10.00,610.10,"6,101.00",2024-02-29
1404,HRL,2024022905003257,34,32,10.00,610.10,"6,101.00",2024-02-29
1405,HRL,2024022905003258,34,19,10.00,610.10,"6,101.00",2024-02-29
1406,HRL,2024022905003259,34,58,10.00,610.10,"6,101.00",2024-02-29
1407,HRL,2024022905003268,34,44,10.00,610.10,"6,101.00",2024-02-29
1408,HRL,2024022905003274,34,17,10.00,610.10,"6,101.00",2024-02-29
1409,HRL,2024022905003276,34,6,20.00,610.10,"12,202.00",2024-02-29
1410,HRL,2024022905003277,34,58,10.00,610.10,"6,101.00",2024-02-29
1411,HRL,2024022905003278,34,28,10.00,610.10,"6,101.00",2024-02-29
1412,HRL,2024022905003279,34,49,10.00,610.10,"6,101.00",2024-02-29
1413,HRL,2024022905003281,34,41,20.00,610.10,"12,202.00",2024-02-29
1414,HRL,2024022905003282,34,58,10.00,610.10,"6,101.00",2024-02-29
1415,HRL,2024022905003285,34,17,10.00,610.10,"6,101.00",2024-02-29
1416,HRL,2024022905003286,34,36,10.00,610.10,"6,101.00",2024-02-29
1417,HRL,2024022905003287,34,42,10.00,610.10,"6,101.00",2024-02-29
1418,HRL,2024022905003288,34,77,70.00,610.10,"42,707.00",2024-02-29
1419,HRL,2024022905003293,34,58,10.00,610.10,"6,101.00",2024-02-29
1420,HRL,2024022905003294,34,17,10.00,610.10,"6,101.00",2024-02-29
1421,HRL,2024022905003295,34,58,10.00,610.10,"6,101.00",2024-02-29
1422,HRL,2024022905003306,34,16,10.00,610.10,"6,101.00",2024-02-29
1423,HRL,2024022905003307,34,58,10.00,610.10,"6,101.00",2024-02-29
1424,HRL,2024022905003308,34,49,10.00,610.10,"6,101.00",2024-02-29
1425,HRL,2024022905003309,62,49,10.00,610.10,"6,101.00",2024-02-29
1426,HRL,2024022905003311,62,29,10.00,610.10,"6,101.00",2024-02-29
1427,HRL,2024022905003317,62,6,10.00,610.10,"6,101.00",2024-02-29
1428,HRL,2024022905003318,6,42,100.00,610.10,"61,010.00",2024-02-29
1429,HRL,2024022905003319,6,34,10.00,610.10,"6,101.00",2024-02-29
1430,HRL,2024022905003320,6,52,10.00,610.10,"6,101.00",2024-02-29
1431,HRL,2024022905003321,58,35,8.00,600.00,"4,800.00",2024-02-29
1432,HRL,2024022905003322,6,38,10.00,610.10,"6,101.00",2024-02-29
1433,HRL,2024022905003324,6,55,10.00,610.10,"6,101.00",2024-02-29
1434,HRL,2024022905003325,6,58,20.00,610.10,"12,202.00",2024-02-29
1435,HRL,2024022905003326,6,52,10.00,610.10,"6,101.00",2024-02-29
1436,HRL,2024022905003327,6,38,20.00,610.10,"12,202.00",2024-02-29
1437,HRL,2024022905003329,42,35,20.00,610.20,"12,204.00",2024-02-29
1438,HRL,2024022905003330,42,58,20.00,610.20,"12,204.00",2024-02-29
1439,HRL,2024022905003332,42,3,40.00,610.20,"24,408.00",2024-02-29
1440,HRL,2024022905003333,6,3,70.00,610.10,"42,707.00",2024-02-29
1441,HRL,2024022905003335,68,21,10.00,610.30,"6,103.00",2024-02-29
1442,HRL,2024022905003336,68,58,10.00,610.30,"6,103.00",2024-02-29
1443,HRL,2024022905003338,68,17,10.00,610.30,"6,103.00",2024-02-29
1444,HRL,2024022905003339,65,58,10.00,610.50,"6,105.00",2024-02-29
1445,HRL,2024022905003340,65,57,20.00,610.50,"12,210.00",2024-02-29
1446,HRL,2024022905003341,65,45,10.00,610.50,"6,105.00",2024-02-29
1447,HRL,2024022905003342,65,49,20.00,610.90,"12,218.00",2024-02-29
1448,HRL,2024022905003343,65,56,40.00,611.00,"24,440.00",2024-02-29
1449,HRL,2024022905003351,68,4,20.00,610.30,"12,206.00",2024-02-29
1450,HRL,2024022905003352,68,42,30.00,610.30,"18,309.00",2024-02-29
1451,HRL,2024022905003354,68,58,250.00,610.30,"152,575.00",2024-02-29
1452,HRL,2024022905003355,6,58,240.00,610.10,"146,424.00",2024-02-29
1453,HRL,2024022905003356,55,58,90.00,610.00,"54,900.00",2024-02-29
1454,HRL,2024022905003360,7,56,10.00,610.50,"6,105.00",2024-02-29
1455,HRL,2024022905003361,7,47,500.00,610.50,"305,250.00",2024-02-29
1456,HRL,2024022905003371,7,34,30.00,610.50,"18,315.00",2024-02-29
1457,HRL,2024022905003372,7,35,10.00,610.50,"6,105.00",2024-02-29
1458,HRL,2024022905003378,7,17,10.00,610.50,"6,105.00",2024-02-29
1459,HRL,2024022905003379,7,17,10.00,610.50,"6,105.00",2024-02-29
1460,HRL,2024022905003380,74,56,95.00,611.00,"58,045.00",2024-02-29
1461,HRL,2024022905003381,74,6,20.00,611.00,"12,220.00",2024-02-29
1462,HRL,2024022905003382,74,35,100.00,611.00,"61,100.00",2024-02-29
1463,HRL,2024022905003383,74,45,10.00,611.00,"6,110.00",2024-02-29
1464,HRL,2024022905003384,74,14,20.00,611.00,"12,220.00",2024-02-29
1465,HRL,2024022905003385,74,58,10.00,611.00,"6,110.00",2024-02-29
1466,HRL,2024022905003386,74,54,10.00,611.00,"6,110.00",2024-02-29
1467,HRL,2024022905003388,74,38,10.00,611.00,"6,110.00",2024-02-29
1468,HRL,2024022905003391,74,17,10.00,611.00,"6,110.00",2024-02-29
1469,HRL,2024022905003396,74,42,10.00,611.00,"6,110.00",2024-02-29
1470,HRL,2024022905003398,74,4,10.00,611.00,"6,110.00",2024-02-29
1471,HRL,2024022905003399,74,58,10.00,611.00,"6,110.00",2024-02-29
1472,HRL,2024022905003401,74,42,20.00,611.00,"12,220.00",2024-02-29
1473,HRL,2024022905003408,74,45,10.00,611.00,"6,110.00",2024-02-29
1474,HRL,2024022905003409,74,47,10.00,611.00,"6,110.00",2024-02-29
1475,HRL,2024022905003410,74,47,10.00,611.00,"6,110.00",2024-02-29
1476,HRL,2024022905003411,74,22,30.00,611.00,"18,330.00",2024-02-29
1477,HRL,2024022905003412,37,58,10.00,611.50,"6,115.00",2024-02-29
1478,HRL,2024022905003414,74,57,100.00,611.00,"61,100.00",2024-02-29
1479,HRL,2024022905003415,74,56,5.00,611.00,"3,055.00",2024-02-29
1480,HRL,2024022905003419,33,39,20.00,610.60,"12,212.00",2024-02-29
1481,HRL,2024022905003420,33,13,10.00,610.60,"6,106.00",2024-02-29
1482,HRL,2024022905003421,33,26,50.00,610.60,"30,530.00",2024-02-29
1483,HRL,2024022905003423,33,38,10.00,610.60,"6,106.00",2024-02-29
1484,HRL,2024022905003427,41,17,10.00,611.00,"6,110.00",2024-02-29
1485,HRL,2024022905003428,41,42,10.00,611.00,"6,110.00",2024-02-29
1486,HRL,2024022905003429,41,7,10.00,611.00,"6,110.00",2024-02-29
1487,HRL,2024022905003430,33,29,10.00,610.60,"6,106.00",2024-02-29
1488,HRL,2024022905003432,53,57,100.00,610.50,"61,050.00",2024-02-29
1489,HRL,2024022905003433,7,57,100.00,610.50,"61,050.00",2024-02-29
1490,HRL,2024022905003435,7,6,20.00,610.50,"12,210.00",2024-02-29
1491,HRL,2024022905003439,11,6,20.00,611.00,"12,220.00",2024-02-29
1492,HRL,2024022905003440,11,32,10.00,611.00,"6,110.00",2024-02-29
1493,HRL,2024022905003442,7,38,10.00,610.50,"6,105.00",2024-02-29
1494,HRL,2024022905003443,7,38,110.00,610.50,"67,155.00",2024-02-29
1495,HRL,2024022905003444,55,38,410.00,610.00,"250,100.00",2024-02-29
1496,HRL,2024022905003447,17,58,10.00,610.10,"6,101.00",2024-02-29
