SN,Symbol,Transaction No.,Buyer Broker,Seller Broker,Share Quantity,Rate(Rs),Amount(Rs),Traded Date
1,HRL,2024022205000002,56,35,10.00,633.20,"6,332.00",2024-02-22
2,HRL,2024022205000003,56,58,10.00,633.20,"6,332.00",2024-02-22
3,HRL,2024022205000004,32,49,10.00,633.00,"6,330.00",2024-02-22
4,HRL,2024022205000005,32,29,10.00,633.00,"6,330.00",2024-02-22
5,HRL,2024022205000006,32,17,20.00,633.00,"12,660.00",2024-02-22
6,HRL,2024022205000008,32,17,20.00,633.00,"12,660.00",2024-02-22
7,HRL,2024022205000013,67,44,30.00,633.10,"18,993.00",2024-02-22
8,HRL,2024022205000014,76,42,10.00,637.90,"6,379.00",2024-02-22
9,HRL,2024022205000016,67,58,40.00,633.10,"25,324.00",2024-02-22
10,HRL,2024022205000018,67,21,10.00,633.10,"6,331.00",2024-02-22
11,HRL,2024022205000020,45,17,20.00,633.20,"12,664.00",2024-02-22
12,HRL,2024022205000021,76,42,10.00,634.90,"6,349.00",2024-02-22
13,HRL,2024022205000022,76,17,10.00,635.00,"6,350.00",2024-02-22
14,HRL,2024022205000023,45,54,10.00,633.20,"6,332.00",2024-02-22
15,HRL,2024022205000024,45,17,20.00,633.20,"12,664.00",2024-02-22
16,HRL,2024022205000027,67,58,10.00,633.10,"6,331.00",2024-02-22
17,HRL,2024022205000028,67,17,20.00,633.10,"12,662.00",2024-02-22
18,HRL,2024022205000030,58,58,10.00,633.30,"6,333.00",2024-02-22
19,HRL,2024022205000031,67,57,10.00,633.10,"6,331.00",2024-02-22
20,HRL,2024022205000032,34,58,10.00,633.50,"6,335.00",2024-02-22
21,HRL,2024022205000033,34,49,10.00,633.50,"6,335.00",2024-02-22
22,HRL,2024022205000034,34,45,10.00,633.50,"6,335.00",2024-02-22
23,HRL,2024022205000035,25,7,10.00,633.60,"6,336.00",2024-02-22
24,HRL,2024022205000036,25,52,10.00,633.60,"6,336.00",2024-02-22
25,HRL,2024022205000038,49,17,10.00,633.70,"6,337.00",2024-02-22
26,HRL,2024022205000039,25,17,20.00,633.60,"12,672.00",2024-02-22
27,HRL,2024022205000040,33,17,20.00,633.70,"12,674.00",2024-02-22
28,HRL,2024022205000041,33,56,30.00,633.70,"19,011.00",2024-02-22
29,HRL,2024022205000042,33,49,30.00,633.70,"19,011.00",2024-02-22
30,HRL,2024022205000044,32,54,10.00,634.00,"6,340.00",2024-02-22
31,HRL,2024022205000045,32,4,10.00,634.30,"6,343.00",2024-02-22
32,HRL,2024022205000046,76,58,100.00,634.80,"63,480.00",2024-02-22
33,HRL,2024022205000048,45,59,50.00,634.90,"31,745.00",2024-02-22
34,HRL,2024022205000049,38,59,30.00,634.90,"19,047.00",2024-02-22
35,HRL,2024022205000050,40,59,30.00,634.90,"19,047.00",2024-02-22
36,HRL,2024022205000051,40,48,10.00,634.90,"6,349.00",2024-02-22
37,HRL,2024022205000052,40,3,10.00,634.90,"6,349.00",2024-02-22
38,HRL,2024022205000053,32,17,10.00,635.00,"6,350.00",2024-02-22
39,HRL,2024022205000054,32,45,30.00,635.00,"19,050.00",2024-02-22
40,HRL,2024022205000055,32,17,20.00,635.00,"12,700.00",2024-02-22
41,HRL,2024022205000056,32,17,20.00,635.00,"12,700.00",2024-02-22
42,HRL,2024022205000057,32,42,100.00,635.00,"63,500.00",2024-02-22
43,HRL,2024022205000058,32,18,50.00,635.00,"31,750.00",2024-02-22
44,HRL,2024022205000059,32,54,10.00,635.00,"6,350.00",2024-02-22
45,HRL,2024022205000062,33,67,10.00,635.50,"6,355.00",2024-02-22
46,HRL,2024022205000064,33,42,20.00,635.50,"12,710.00",2024-02-22
47,HRL,2024022205000065,33,42,10.00,635.50,"6,355.00",2024-02-22
48,HRL,2024022205000066,44,38,10.00,637.00,"6,370.00",2024-02-22
49,HRL,2024022205000072,32,35,10.00,636.00,"6,360.00",2024-02-22
50,HRL,2024022205000073,32,34,10.00,636.00,"6,360.00",2024-02-22
51,HRL,2024022205000074,32,28,20.00,636.00,"12,720.00",2024-02-22
52,HRL,2024022205000075,32,22,10.00,636.00,"6,360.00",2024-02-22
53,HRL,2024022205000076,32,57,10.00,636.00,"6,360.00",2024-02-22
54,HRL,2024022205000077,32,54,10.00,636.00,"6,360.00",2024-02-22
55,HRL,2024022205000079,32,55,10.00,636.00,"6,360.00",2024-02-22
56,HRL,2024022205000080,32,7,20.00,636.00,"12,720.00",2024-02-22
57,HRL,2024022205000083,59,11,20.00,636.90,"12,738.00",2024-02-22
58,HRL,2024022205000084,59,38,10.00,637.00,"6,370.00",2024-02-22
59,HRL,2024022205000085,59,42,70.00,637.00,"44,590.00",2024-02-22
60,HRL,2024022205000086,58,42,30.00,637.00,"19,110.00",2024-02-22
61,HRL,2024022205000088,32,48,200.00,637.00,"127,400.00",2024-02-22
62,HRL,2024022205000090,32,49,10.00,636.00,"6,360.00",2024-02-22
63,HRL,2024022205000091,32,13,10.00,636.00,"6,360.00",2024-02-22
64,HRL,2024022205000092,44,38,10.00,636.00,"6,360.00",2024-02-22
65,HRL,2024022205000096,44,17,20.00,636.00,"12,720.00",2024-02-22
66,HRL,2024022205000097,44,42,20.00,636.00,"12,720.00",2024-02-22
67,HRL,2024022205000098,44,40,10.00,636.00,"6,360.00",2024-02-22
68,HRL,2024022205000100,58,48,120.00,637.00,"76,440.00",2024-02-22
69,HRL,2024022205000101,44,28,20.00,636.00,"12,720.00",2024-02-22
70,HRL,2024022205000105,38,54,10.00,636.10,"6,361.00",2024-02-22
71,HRL,2024022205000107,38,58,10.00,636.10,"6,361.00",2024-02-22
72,HRL,2024022205000108,38,58,10.00,636.10,"6,361.00",2024-02-22
73,HRL,2024022205000109,38,56,10.00,636.10,"6,361.00",2024-02-22
74,HRL,2024022205000110,56,48,10.00,637.00,"6,370.00",2024-02-22
75,HRL,2024022205000111,38,57,10.00,636.10,"6,361.00",2024-02-22
76,HRL,2024022205000112,44,57,10.00,636.00,"6,360.00",2024-02-22
77,HRL,2024022205000114,44,49,10.00,636.00,"6,360.00",2024-02-22
78,HRL,2024022205000115,32,48,20.00,637.00,"12,740.00",2024-02-22
79,HRL,2024022205000116,45,42,10.00,636.00,"6,360.00",2024-02-22
80,HRL,2024022205000117,33,45,30.00,636.50,"19,095.00",2024-02-22
81,HRL,2024022205000121,45,48,100.00,637.00,"63,700.00",2024-02-22
82,HRL,2024022205000122,46,48,50.00,637.00,"31,850.00",2024-02-22
83,HRL,2024022205000123,74,48,500.00,637.00,"318,500.00",2024-02-22
84,HRL,2024022205000124,34,54,10.00,637.00,"6,370.00",2024-02-22
85,HRL,2024022205000125,34,41,10.00,637.00,"6,370.00",2024-02-22
86,HRL,2024022205000126,34,38,20.00,637.00,"12,740.00",2024-02-22
87,HRL,2024022205000127,33,10,20.00,636.50,"12,730.00",2024-02-22
88,HRL,2024022205000139,16,57,20.00,636.60,"12,732.00",2024-02-22
89,HRL,2024022205000140,16,42,10.00,636.60,"6,366.00",2024-02-22
90,HRL,2024022205000141,16,45,20.00,636.60,"12,732.00",2024-02-22
91,HRL,2024022205000142,33,45,10.00,636.50,"6,365.00",2024-02-22
92,HRL,2024022205000143,33,35,10.00,636.50,"6,365.00",2024-02-22
93,HRL,2024022205000145,33,35,10.00,636.50,"6,365.00",2024-02-22
94,HRL,2024022205000146,33,38,10.00,636.50,"6,365.00",2024-02-22
95,HRL,2024022205000147,33,49,10.00,636.50,"6,365.00",2024-02-22
96,HRL,2024022205000148,33,49,10.00,636.50,"6,365.00",2024-02-22
97,HRL,2024022205000150,33,58,10.00,636.50,"6,365.00",2024-02-22
98,HRL,2024022205000151,33,58,20.00,636.50,"12,730.00",2024-02-22
99,HRL,2024022205000152,33,42,10.00,636.50,"6,365.00",2024-02-22
100,HRL,2024022205000153,33,49,20.00,636.50,"12,730.00",2024-02-22
101,HRL,2024022205000154,33,44,10.00,636.50,"6,365.00",2024-02-22
102,HRL,2024022205000155,33,32,30.00,636.50,"19,095.00",2024-02-22
103,HRL,2024022205000156,33,10,20.00,636.50,"12,730.00",2024-02-22
104,HRL,2024022205000157,76,50,10.00,636.90,"6,369.00",2024-02-22
105,HRL,2024022205000158,76,25,10.00,637.00,"6,370.00",2024-02-22
106,HRL,2024022205000160,33,49,10.00,636.50,"6,365.00",2024-02-22
107,HRL,2024022205000161,33,45,30.00,636.50,"19,095.00",2024-02-22
108,HRL,2024022205000162,33,49,10.00,636.50,"6,365.00",2024-02-22
109,HRL,2024022205000163,89,25,100.00,637.00,"63,700.00",2024-02-22
110,HRL,2024022205000164,33,38,10.00,636.50,"6,365.00",2024-02-22
111,HRL,2024022205000165,33,45,20.00,636.50,"12,730.00",2024-02-22
112,HRL,2024022205000166,33,17,20.00,636.50,"12,730.00",2024-02-22
113,HRL,2024022205000167,33,49,10.00,636.50,"6,365.00",2024-02-22
114,HRL,2024022205000168,51,25,90.00,637.00,"57,330.00",2024-02-22
115,HRL,2024022205000169,51,49,10.00,637.00,"6,370.00",2024-02-22
116,HRL,2024022205000170,51,83,10.00,637.00,"6,370.00",2024-02-22
117,HRL,2024022205000171,51,45,20.00,637.00,"12,740.00",2024-02-22
118,HRL,2024022205000172,51,38,20.00,637.00,"12,740.00",2024-02-22
119,HRL,2024022205000175,33,38,20.00,636.50,"12,730.00",2024-02-22
120,HRL,2024022205000176,59,58,10.00,636.60,"6,366.00",2024-02-22
121,HRL,2024022205000177,33,34,20.00,636.50,"12,730.00",2024-02-22
122,HRL,2024022205000178,22,58,10.00,636.50,"6,365.00",2024-02-22
123,HRL,2024022205000179,58,54,10.00,636.50,"6,365.00",2024-02-22
124,HRL,2024022205000181,45,45,30.00,636.00,"19,080.00",2024-02-22
125,HRL,2024022205000182,45,17,20.00,636.00,"12,720.00",2024-02-22
126,HRL,2024022205000183,45,38,20.00,636.00,"12,720.00",2024-02-22
127,HRL,2024022205000184,45,49,10.00,636.00,"6,360.00",2024-02-22
128,HRL,2024022205000185,53,42,50.00,637.00,"31,850.00",2024-02-22
129,HRL,2024022205000186,45,16,20.00,636.00,"12,720.00",2024-02-22
130,HRL,2024022205000187,45,8,210.00,636.00,"133,560.00",2024-02-22
131,HRL,2024022205000188,57,8,15.00,636.00,"9,540.00",2024-02-22
132,HRL,2024022205000189,57,38,10.00,636.00,"6,360.00",2024-02-22
133,HRL,2024022205000190,26,45,20.00,636.00,"12,720.00",2024-02-22
134,HRL,2024022205000191,45,45,10.00,636.00,"6,360.00",2024-02-22
135,HRL,2024022205000193,34,46,10.00,635.50,"6,355.00",2024-02-22
136,HRL,2024022205000194,80,40,10.00,636.00,"6,360.00",2024-02-22
137,HRL,2024022205000195,80,38,20.00,636.00,"12,720.00",2024-02-22
138,HRL,2024022205000196,80,42,10.00,636.00,"6,360.00",2024-02-22
139,HRL,2024022205000197,80,6,10.00,636.00,"6,360.00",2024-02-22
140,HRL,2024022205000201,34,49,10.00,635.50,"6,355.00",2024-02-22
141,HRL,2024022205000202,34,58,10.00,635.50,"6,355.00",2024-02-22
142,HRL,2024022205000203,34,25,10.00,635.50,"6,355.00",2024-02-22
143,HRL,2024022205000204,34,68,10.00,635.50,"6,355.00",2024-02-22
144,HRL,2024022205000205,34,58,20.00,635.50,"12,710.00",2024-02-22
145,HRL,2024022205000206,34,36,30.00,635.50,"19,065.00",2024-02-22
146,HRL,2024022205000207,34,17,20.00,635.50,"12,710.00",2024-02-22
147,HRL,2024022205000208,34,59,10.00,635.50,"6,355.00",2024-02-22
148,HRL,2024022205000209,34,13,10.00,635.50,"6,355.00",2024-02-22
149,HRL,2024022205000210,59,45,10.00,636.00,"6,360.00",2024-02-22
150,HRL,2024022205000211,59,57,10.00,636.00,"6,360.00",2024-02-22
151,HRL,2024022205000212,59,14,10.00,636.50,"6,365.00",2024-02-22
152,HRL,2024022205000213,59,42,10.00,637.00,"6,370.00",2024-02-22
153,HRL,2024022205000217,35,6,110.00,636.00,"69,960.00",2024-02-22
154,HRL,2024022205000218,35,36,20.00,636.00,"12,720.00",2024-02-22
155,HRL,2024022205000219,35,58,20.00,636.00,"12,720.00",2024-02-22
156,HRL,2024022205000220,35,58,10.00,636.00,"6,360.00",2024-02-22
157,HRL,2024022205000221,35,6,340.00,636.00,"216,240.00",2024-02-22
158,HRL,2024022205000224,34,36,20.00,635.50,"12,710.00",2024-02-22
159,HRL,2024022205000229,34,6,310.00,635.50,"197,005.00",2024-02-22
160,HRL,2024022205000231,32,40,10.00,635.00,"6,350.00",2024-02-22
161,HRL,2024022205000232,76,6,20.00,635.50,"12,710.00",2024-02-22
162,HRL,2024022205000233,40,17,20.00,635.00,"12,700.00",2024-02-22
163,HRL,2024022205000234,40,41,20.00,635.00,"12,700.00",2024-02-22
164,HRL,2024022205000235,40,36,10.00,635.00,"6,350.00",2024-02-22
165,HRL,2024022205000236,58,36,10.00,635.00,"6,350.00",2024-02-22
166,HRL,2024022205000239,58,45,20.00,635.00,"12,700.00",2024-02-22
167,HRL,2024022205000240,58,38,10.00,635.00,"6,350.00",2024-02-22
168,HRL,2024022205000241,58,17,20.00,635.00,"12,700.00",2024-02-22
169,HRL,2024022205000242,58,6,10.00,635.00,"6,350.00",2024-02-22
170,HRL,2024022205000244,58,36,20.00,635.00,"12,700.00",2024-02-22
171,HRL,2024022205000246,51,6,75.00,635.00,"47,625.00",2024-02-22
172,HRL,2024022205000247,58,6,30.00,635.00,"19,050.00",2024-02-22
173,HRL,2024022205000248,57,6,500.00,635.00,"317,500.00",2024-02-22
174,HRL,2024022205000250,6,6,15.00,634.10,"9,511.50",2024-02-22
175,HRL,2024022205000251,6,36,20.00,634.10,"12,682.00",2024-02-22
176,HRL,2024022205000252,6,36,20.00,634.10,"12,682.00",2024-02-22
177,HRL,2024022205000253,43,58,10.00,635.00,"6,350.00",2024-02-22
178,HRL,2024022205000259,6,49,20.00,634.10,"12,682.00",2024-02-22
179,HRL,2024022205000260,6,38,10.00,634.10,"6,341.00",2024-02-22
180,HRL,2024022205000261,6,8,10.00,634.10,"6,341.00",2024-02-22
181,HRL,2024022205000262,6,45,20.00,634.10,"12,682.00",2024-02-22
182,HRL,2024022205000263,6,38,20.00,634.10,"12,682.00",2024-02-22
183,HRL,2024022205000264,6,36,20.00,634.10,"12,682.00",2024-02-22
184,HRL,2024022205000267,58,36,30.00,634.00,"19,020.00",2024-02-22
185,HRL,2024022205000269,58,42,40.00,634.00,"25,360.00",2024-02-22
186,HRL,2024022205000270,58,1,20.00,634.00,"12,680.00",2024-02-22
187,HRL,2024022205000271,58,36,10.00,634.00,"6,340.00",2024-02-22
188,HRL,2024022205000272,55,36,20.00,634.00,"12,680.00",2024-02-22
189,HRL,2024022205000273,55,38,10.00,634.00,"6,340.00",2024-02-22
190,HRL,2024022205000274,55,14,30.00,634.00,"19,020.00",2024-02-22
191,HRL,2024022205000275,55,11,20.00,634.00,"12,680.00",2024-02-22
192,HRL,2024022205000276,55,26,10.00,634.00,"6,340.00",2024-02-22
193,HRL,2024022205000277,55,34,110.00,634.00,"69,740.00",2024-02-22
194,HRL,2024022205000278,25,34,160.00,633.60,"101,376.00",2024-02-22
195,HRL,2024022205000279,47,34,500.00,633.60,"316,800.00",2024-02-22
196,HRL,2024022205000280,49,34,250.00,633.50,"158,375.00",2024-02-22
197,HRL,2024022205000281,67,34,80.00,633.10,"50,648.00",2024-02-22
198,HRL,2024022205000282,37,34,150.00,633.10,"94,965.00",2024-02-22
199,HRL,2024022205000283,42,34,100.00,633.00,"63,300.00",2024-02-22
200,HRL,2024022205000284,38,34,100.00,633.00,"63,300.00",2024-02-22
201,HRL,2024022205000285,43,34,100.00,633.00,"63,300.00",2024-02-22
202,HRL,2024022205000286,34,34,100.00,633.00,"63,300.00",2024-02-22
203,HRL,2024022205000287,25,34,500.00,633.00,"316,500.00",2024-02-22
204,HRL,2024022205000288,32,34,200.00,633.00,"126,600.00",2024-02-22
205,HRL,2024022205000289,39,34,20.00,633.00,"12,660.00",2024-02-22
206,HRL,2024022205000290,43,34,50.00,633.00,"31,650.00",2024-02-22
207,HRL,2024022205000291,56,34,"1,580.00",633.00,"1,000,140.00",2024-02-22
208,HRL,2024022205000292,56,38,10.00,633.00,"6,330.00",2024-02-22
209,HRL,2024022205000293,56,17,20.00,633.00,"12,660.00",2024-02-22
210,HRL,2024022205000294,56,38,"2,230.00",633.00,"1,411,590.00",2024-02-22
211,HRL,2024022205000295,10,17,20.00,631.10,"12,622.00",2024-02-22
212,HRL,2024022205000297,10,6,10.00,631.10,"6,311.00",2024-02-22
213,HRL,2024022205000298,44,38,10.00,633.00,"6,330.00",2024-02-22
214,HRL,2024022205000299,10,49,20.00,631.10,"12,622.00",2024-02-22
215,HRL,2024022205000300,10,16,20.00,631.10,"12,622.00",2024-02-22
216,HRL,2024022205000301,42,38,350.00,633.00,"221,550.00",2024-02-22
217,HRL,2024022205000302,76,38,10.00,632.00,"6,320.00",2024-02-22
218,HRL,2024022205000308,76,28,10.00,632.00,"6,320.00",2024-02-22
219,HRL,2024022205000309,76,49,20.00,632.00,"12,640.00",2024-02-22
220,HRL,2024022205000310,76,35,10.00,632.00,"6,320.00",2024-02-22
221,HRL,2024022205000313,76,58,20.00,632.00,"12,640.00",2024-02-22
222,HRL,2024022205000314,76,38,10.00,632.00,"6,320.00",2024-02-22
223,HRL,2024022205000315,76,41,10.00,632.00,"6,320.00",2024-02-22
224,HRL,2024022205000316,76,49,20.00,632.00,"12,640.00",2024-02-22
225,HRL,2024022205000317,76,48,10.00,632.00,"6,320.00",2024-02-22
226,HRL,2024022205000318,76,57,10.00,632.00,"6,320.00",2024-02-22
227,HRL,2024022205000319,76,58,10.00,632.00,"6,320.00",2024-02-22
228,HRL,2024022205000320,76,35,10.00,632.00,"6,320.00",2024-02-22
229,HRL,2024022205000322,76,58,10.00,632.00,"6,320.00",2024-02-22
230,HRL,2024022205000323,76,28,10.00,632.00,"6,320.00",2024-02-22
231,HRL,2024022205000325,76,56,800.00,632.00,"505,600.00",2024-02-22
232,HRL,2024022205000330,76,51,10.00,632.00,"6,320.00",2024-02-22
233,HRL,2024022205000333,76,38,10.00,633.00,"6,330.00",2024-02-22
234,HRL,2024022205000334,76,38,10.00,632.00,"6,320.00",2024-02-22
235,HRL,2024022205000335,76,49,10.00,632.00,"6,320.00",2024-02-22
236,HRL,2024022205000336,46,34,10.00,632.00,"6,320.00",2024-02-22
237,HRL,2024022205000337,10,1,20.00,631.10,"12,622.00",2024-02-22
238,HRL,2024022205000339,10,28,10.00,631.10,"6,311.00",2024-02-22
239,HRL,2024022205000340,10,36,40.00,631.10,"25,244.00",2024-02-22
240,HRL,2024022205000341,10,55,10.00,631.10,"6,311.00",2024-02-22
241,HRL,2024022205000342,10,52,10.00,631.10,"6,311.00",2024-02-22
242,HRL,2024022205000343,8,55,10.00,632.00,"6,320.00",2024-02-22
243,HRL,2024022205000344,10,58,20.00,631.10,"12,622.00",2024-02-22
244,HRL,2024022205000345,10,52,10.00,631.10,"6,311.00",2024-02-22
245,HRL,2024022205000347,10,17,20.00,631.10,"12,622.00",2024-02-22
246,HRL,2024022205000348,10,6,10.00,631.10,"6,311.00",2024-02-22
247,HRL,2024022205000350,34,1,20.00,631.20,"12,624.00",2024-02-22
248,HRL,2024022205000351,34,55,10.00,631.20,"6,312.00",2024-02-22
249,HRL,2024022205000353,34,58,10.00,631.20,"6,312.00",2024-02-22
250,HRL,2024022205000354,34,49,15.00,631.20,"9,468.00",2024-02-22
251,HRL,2024022205000355,39,1,20.00,631.20,"12,624.00",2024-02-22
252,HRL,2024022205000356,39,4,20.00,631.20,"12,624.00",2024-02-22
253,HRL,2024022205000357,39,58,10.00,631.20,"6,312.00",2024-02-22
254,HRL,2024022205000358,10,55,30.00,631.10,"18,933.00",2024-02-22
255,HRL,2024022205000359,10,59,10.00,631.10,"6,311.00",2024-02-22
256,HRL,2024022205000360,10,56,140.00,631.10,"88,354.00",2024-02-22
257,HRL,2024022205000361,34,56,150.00,631.10,"94,665.00",2024-02-22
258,HRL,2024022205000362,32,56,500.00,631.00,"315,500.00",2024-02-22
259,HRL,2024022205000363,51,56,25.00,631.00,"15,775.00",2024-02-22
260,HRL,2024022205000364,49,56,35.00,630.50,"22,067.50",2024-02-22
261,HRL,2024022205000370,49,53,20.00,630.50,"12,610.00",2024-02-22
262,HRL,2024022205000374,49,42,100.00,630.50,"63,050.00",2024-02-22
263,HRL,2024022205000375,49,16,10.00,630.50,"6,305.00",2024-02-22
264,HRL,2024022205000376,49,34,30.00,630.50,"18,915.00",2024-02-22
265,HRL,2024022205000378,49,22,10.00,630.50,"6,305.00",2024-02-22
266,HRL,2024022205000379,49,34,45.00,630.50,"28,372.50",2024-02-22
267,HRL,2024022205000380,66,34,200.00,630.50,"126,100.00",2024-02-22
268,HRL,2024022205000381,18,34,200.00,630.50,"126,100.00",2024-02-22
269,HRL,2024022205000382,14,34,250.00,630.30,"157,575.00",2024-02-22
270,HRL,2024022205000383,43,34,50.00,630.30,"31,515.00",2024-02-22
271,HRL,2024022205000384,38,34,100.00,630.00,"63,000.00",2024-02-22
272,HRL,2024022205000385,74,34,100.00,630.00,"63,000.00",2024-02-22
273,HRL,2024022205000386,56,34,100.00,630.00,"63,000.00",2024-02-22
274,HRL,2024022205000387,26,34,10.00,630.00,"6,300.00",2024-02-22
275,HRL,2024022205000388,48,34,500.00,630.00,"315,000.00",2024-02-22
276,HRL,2024022205000389,57,34,30.00,630.00,"18,900.00",2024-02-22
277,HRL,2024022205000390,57,34,415.00,630.00,"261,450.00",2024-02-22
278,HRL,2024022205000391,57,58,10.00,630.00,"6,300.00",2024-02-22
279,HRL,2024022205000392,8,1,20.00,631.00,"12,620.00",2024-02-22
280,HRL,2024022205000394,57,1,30.00,630.00,"18,900.00",2024-02-22
281,HRL,2024022205000395,57,58,10.00,630.00,"6,300.00",2024-02-22
282,HRL,2024022205000402,57,45,20.00,630.00,"12,600.00",2024-02-22
283,HRL,2024022205000403,57,28,10.00,630.00,"6,300.00",2024-02-22
284,HRL,2024022205000404,57,49,5.00,630.00,"3,150.00",2024-02-22
285,HRL,2024022205000405,72,1,20.00,628.00,"12,560.00",2024-02-22
286,HRL,2024022205000406,65,58,10.00,630.50,"6,305.00",2024-02-22
287,HRL,2024022205000407,72,45,10.00,628.00,"6,280.00",2024-02-22
288,HRL,2024022205000409,52,48,20.00,630.00,"12,600.00",2024-02-22
289,HRL,2024022205000410,52,52,20.00,630.00,"12,600.00",2024-02-22
290,HRL,2024022205000411,52,44,10.00,630.50,"6,305.00",2024-02-22
291,HRL,2024022205000412,72,38,10.00,628.00,"6,280.00",2024-02-22
292,HRL,2024022205000420,72,56,30.00,628.00,"18,840.00",2024-02-22
293,HRL,2024022205000421,72,1,20.00,628.00,"12,560.00",2024-02-22
294,HRL,2024022205000422,72,18,10.00,628.00,"6,280.00",2024-02-22
295,HRL,2024022205000423,51,38,10.00,626.00,"6,260.00",2024-02-22
296,HRL,2024022205000425,29,18,90.00,628.00,"56,520.00",2024-02-22
297,HRL,2024022205000426,29,36,10.00,628.00,"6,280.00",2024-02-22
298,HRL,2024022205000427,34,22,10.00,626.00,"6,260.00",2024-02-22
299,HRL,2024022205000428,34,38,10.00,626.00,"6,260.00",2024-02-22
300,HRL,2024022205000430,34,28,10.00,626.00,"6,260.00",2024-02-22
301,HRL,2024022205000431,34,56,30.00,626.00,"18,780.00",2024-02-22
302,HRL,2024022205000432,34,53,20.00,626.00,"12,520.00",2024-02-22
303,HRL,2024022205000433,34,58,10.00,626.00,"6,260.00",2024-02-22
304,HRL,2024022205000434,34,38,10.00,626.00,"6,260.00",2024-02-22
305,HRL,2024022205000437,52,58,10.00,626.00,"6,260.00",2024-02-22
306,HRL,2024022205000439,52,17,10.00,626.00,"6,260.00",2024-02-22
307,HRL,2024022205000440,52,35,10.00,626.00,"6,260.00",2024-02-22
308,HRL,2024022205000441,52,8,10.00,626.00,"6,260.00",2024-02-22
309,HRL,2024022205000442,52,49,10.00,626.00,"6,260.00",2024-02-22
310,HRL,2024022205000443,18,32,20.00,626.00,"12,520.00",2024-02-22
311,HRL,2024022205000444,18,58,10.00,626.00,"6,260.00",2024-02-22
312,HRL,2024022205000445,18,42,10.00,626.00,"6,260.00",2024-02-22
313,HRL,2024022205000446,18,28,10.00,626.00,"6,260.00",2024-02-22
314,HRL,2024022205000447,18,58,10.00,626.00,"6,260.00",2024-02-22
315,HRL,2024022205000448,18,1,20.00,626.00,"12,520.00",2024-02-22
316,HRL,2024022205000449,59,36,10.00,628.00,"6,280.00",2024-02-22
317,HRL,2024022205000450,59,34,10.00,628.00,"6,280.00",2024-02-22
318,HRL,2024022205000451,59,35,20.00,628.00,"12,560.00",2024-02-22
319,HRL,2024022205000452,59,52,120.00,628.00,"75,360.00",2024-02-22
320,HRL,2024022205000453,18,57,20.00,626.00,"12,520.00",2024-02-22
321,HRL,2024022205000454,51,52,10.00,626.00,"6,260.00",2024-02-22
322,HRL,2024022205000455,51,4,10.00,626.00,"6,260.00",2024-02-22
323,HRL,2024022205000456,35,4,10.00,626.00,"6,260.00",2024-02-22
324,HRL,2024022205000457,76,58,10.00,627.00,"6,270.00",2024-02-22
325,HRL,2024022205000458,76,49,20.00,627.00,"12,540.00",2024-02-22
326,HRL,2024022205000459,76,58,20.00,627.00,"12,540.00",2024-02-22
327,HRL,2024022205000462,76,59,10.00,627.00,"6,270.00",2024-02-22
328,HRL,2024022205000463,35,26,10.00,627.50,"6,275.00",2024-02-22
329,HRL,2024022205000464,76,45,10.00,628.00,"6,280.00",2024-02-22
330,HRL,2024022205000465,76,41,10.00,630.00,"6,300.00",2024-02-22
331,HRL,2024022205000469,34,58,10.00,628.00,"6,280.00",2024-02-22
332,HRL,2024022205000470,35,58,10.00,627.50,"6,275.00",2024-02-22
333,HRL,2024022205000471,35,58,50.00,627.50,"31,375.00",2024-02-22
334,HRL,2024022205000472,35,55,20.00,627.50,"12,550.00",2024-02-22
335,HRL,2024022205000473,28,42,10.00,627.60,"6,276.00",2024-02-22
336,HRL,2024022205000476,28,49,10.00,627.60,"6,276.00",2024-02-22
337,HRL,2024022205000477,76,58,10.00,630.00,"6,300.00",2024-02-22
338,HRL,2024022205000478,76,45,20.00,630.00,"12,600.00",2024-02-22
339,HRL,2024022205000479,76,49,10.00,630.00,"6,300.00",2024-02-22
340,HRL,2024022205000480,76,54,10.00,630.00,"6,300.00",2024-02-22
341,HRL,2024022205000481,76,39,20.00,630.00,"12,600.00",2024-02-22
342,HRL,2024022205000482,76,46,20.00,630.00,"12,600.00",2024-02-22
343,HRL,2024022205000483,76,49,10.00,630.00,"6,300.00",2024-02-22
344,HRL,2024022205000484,76,6,30.00,630.00,"18,900.00",2024-02-22
345,HRL,2024022205000485,76,58,10.00,630.00,"6,300.00",2024-02-22
346,HRL,2024022205000486,76,44,360.00,630.50,"226,980.00",2024-02-22
347,HRL,2024022205000487,25,17,20.00,627.80,"12,556.00",2024-02-22
348,HRL,2024022205000491,76,40,10.00,629.00,"6,290.00",2024-02-22
349,HRL,2024022205000492,76,4,10.00,630.50,"6,305.00",2024-02-22
350,HRL,2024022205000493,76,65,10.00,631.00,"6,310.00",2024-02-22
351,HRL,2024022205000494,76,35,10.00,631.00,"6,310.00",2024-02-22
352,HRL,2024022205000495,76,49,50.00,631.00,"31,550.00",2024-02-22
353,HRL,2024022205000496,76,44,10.00,631.00,"6,310.00",2024-02-22
354,HRL,2024022205000497,52,13,40.00,628.00,"25,120.00",2024-02-22
355,HRL,2024022205000498,52,58,10.00,628.00,"6,280.00",2024-02-22
356,HRL,2024022205000499,66,58,90.00,628.00,"56,520.00",2024-02-22
357,HRL,2024022205000500,39,21,10.00,628.10,"6,281.00",2024-02-22
358,HRL,2024022205000502,39,6,20.00,628.10,"12,562.00",2024-02-22
359,HRL,2024022205000504,39,58,10.00,628.10,"6,281.00",2024-02-22
360,HRL,2024022205000505,39,75,10.00,628.10,"6,281.00",2024-02-22
361,HRL,2024022205000506,66,75,10.00,628.00,"6,280.00",2024-02-22
362,HRL,2024022205000507,25,13,30.00,628.20,"18,846.00",2024-02-22
363,HRL,2024022205000508,25,6,50.00,628.20,"31,410.00",2024-02-22
364,HRL,2024022205000509,76,7,30.00,629.00,"18,870.00",2024-02-22
365,HRL,2024022205000510,76,26,30.00,630.00,"18,900.00",2024-02-22
366,HRL,2024022205000511,76,25,20.00,630.00,"12,600.00",2024-02-22
367,HRL,2024022205000512,76,44,10.00,631.00,"6,310.00",2024-02-22
368,HRL,2024022205000513,76,58,10.00,631.20,"6,312.00",2024-02-22
369,HRL,2024022205000514,25,53,20.00,628.20,"12,564.00",2024-02-22
370,HRL,2024022205000515,35,58,10.00,628.50,"6,285.00",2024-02-22
371,HRL,2024022205000521,76,17,10.00,630.00,"6,300.00",2024-02-22
372,HRL,2024022205000522,76,58,10.00,630.00,"6,300.00",2024-02-22
373,HRL,2024022205000523,76,40,10.00,632.00,"6,320.00",2024-02-22
374,HRL,2024022205000524,58,6,20.00,629.00,"12,580.00",2024-02-22
375,HRL,2024022205000528,14,58,10.00,630.00,"6,300.00",2024-02-22
376,HRL,2024022205000529,14,36,10.00,632.00,"6,320.00",2024-02-22
377,HRL,2024022205000530,14,6,10.00,632.00,"6,320.00",2024-02-22
378,HRL,2024022205000531,14,38,90.00,633.00,"56,970.00",2024-02-22
379,HRL,2024022205000532,58,57,20.00,629.00,"12,580.00",2024-02-22
380,HRL,2024022205000533,25,58,30.00,629.20,"18,876.00",2024-02-22
381,HRL,2024022205000534,65,54,10.00,630.00,"6,300.00",2024-02-22
382,HRL,2024022205000535,65,38,10.00,633.00,"6,330.00",2024-02-22
383,HRL,2024022205000537,76,45,10.00,630.00,"6,300.00",2024-02-22
384,HRL,2024022205000538,76,59,10.00,630.00,"6,300.00",2024-02-22
385,HRL,2024022205000542,76,45,10.00,630.00,"6,300.00",2024-02-22
386,HRL,2024022205000543,39,40,10.00,629.60,"6,296.00",2024-02-22
387,HRL,2024022205000544,39,58,20.00,629.60,"12,592.00",2024-02-22
388,HRL,2024022205000545,19,6,20.00,630.00,"12,600.00",2024-02-22
389,HRL,2024022205000546,19,38,80.00,633.00,"50,640.00",2024-02-22
390,HRL,2024022205000547,76,45,10.00,630.00,"6,300.00",2024-02-22
391,HRL,2024022205000548,39,3,20.00,629.60,"12,592.00",2024-02-22
392,HRL,2024022205000551,76,58,10.00,630.00,"6,300.00",2024-02-22
393,HRL,2024022205000552,22,3,10.00,629.40,"6,294.00",2024-02-22
394,HRL,2024022205000553,36,3,10.00,629.40,"6,294.00",2024-02-22
395,HRL,2024022205000555,35,58,10.00,630.00,"6,300.00",2024-02-22
396,HRL,2024022205000556,35,6,10.00,630.00,"6,300.00",2024-02-22
397,HRL,2024022205000557,35,58,10.00,630.00,"6,300.00",2024-02-22
398,HRL,2024022205000558,35,28,10.00,630.00,"6,300.00",2024-02-22
399,HRL,2024022205000562,35,45,30.00,630.00,"18,900.00",2024-02-22
400,HRL,2024022205000563,35,13,30.00,630.00,"18,900.00",2024-02-22
401,HRL,2024022205000564,76,58,10.00,632.00,"6,320.00",2024-02-22
402,HRL,2024022205000565,35,34,10.00,630.00,"6,300.00",2024-02-22
403,HRL,2024022205000566,35,42,10.00,630.00,"6,300.00",2024-02-22
404,HRL,2024022205000567,35,3,20.00,630.00,"12,600.00",2024-02-22
405,HRL,2024022205000568,35,42,10.00,630.00,"6,300.00",2024-02-22
406,HRL,2024022205000569,35,48,10.00,630.00,"6,300.00",2024-02-22
407,HRL,2024022205000570,35,53,20.00,630.00,"12,600.00",2024-02-22
408,HRL,2024022205000571,35,3,20.00,630.00,"12,600.00",2024-02-22
409,HRL,2024022205000572,76,58,10.00,632.00,"6,320.00",2024-02-22
410,HRL,2024022205000573,35,58,10.00,630.00,"6,300.00",2024-02-22
411,HRL,2024022205000574,57,35,30.00,630.10,"18,903.00",2024-02-22
412,HRL,2024022205000576,57,40,10.00,630.10,"6,301.00",2024-02-22
413,HRL,2024022205000577,57,26,30.00,630.10,"18,903.00",2024-02-22
414,HRL,2024022205000578,74,42,100.00,632.00,"63,200.00",2024-02-22
415,HRL,2024022205000579,74,72,20.00,632.00,"12,640.00",2024-02-22
416,HRL,2024022205000587,57,36,30.00,630.10,"18,903.00",2024-02-22
417,HRL,2024022205000589,57,3,20.00,630.10,"12,602.00",2024-02-22
418,HRL,2024022205000591,57,3,20.00,630.10,"12,602.00",2024-02-22
419,HRL,2024022205000592,57,54,10.00,630.10,"6,301.00",2024-02-22
420,HRL,2024022205000594,81,6,20.00,630.20,"12,604.00",2024-02-22
421,HRL,2024022205000595,81,3,20.00,630.20,"12,604.00",2024-02-22
422,HRL,2024022205000596,81,54,10.00,630.20,"6,302.00",2024-02-22
423,HRL,2024022205000597,81,3,20.00,630.20,"12,604.00",2024-02-22
424,HRL,2024022205000600,19,58,20.00,630.60,"12,612.00",2024-02-22
425,HRL,2024022205000602,19,16,20.00,630.60,"12,612.00",2024-02-22
426,HRL,2024022205000603,19,3,20.00,630.60,"12,612.00",2024-02-22
427,HRL,2024022205000604,19,38,10.00,630.60,"6,306.00",2024-02-22
428,HRL,2024022205000605,19,35,20.00,630.60,"12,612.00",2024-02-22
429,HRL,2024022205000607,19,6,20.00,630.60,"12,612.00",2024-02-22
430,HRL,2024022205000608,25,3,20.00,630.70,"12,614.00",2024-02-22
431,HRL,2024022205000609,39,45,10.00,631.00,"6,310.00",2024-02-22
432,HRL,2024022205000610,76,53,20.00,632.00,"12,640.00",2024-02-22
433,HRL,2024022205000613,39,40,10.00,631.00,"6,310.00",2024-02-22
434,HRL,2024022205000614,39,3,20.00,631.00,"12,620.00",2024-02-22
435,HRL,2024022205000617,39,53,20.00,631.00,"12,620.00",2024-02-22
436,HRL,2024022205000618,39,45,10.00,631.00,"6,310.00",2024-02-22
437,HRL,2024022205000619,76,53,10.00,632.00,"6,320.00",2024-02-22
438,HRL,2024022205000620,76,1,10.00,632.00,"6,320.00",2024-02-22
439,HRL,2024022205000622,76,3,20.00,632.00,"12,640.00",2024-02-22
440,HRL,2024022205000623,57,38,50.00,633.00,"31,650.00",2024-02-22
441,HRL,2024022205000624,76,29,20.00,632.00,"12,640.00",2024-02-22
442,HRL,2024022205000627,76,3,20.00,632.00,"12,640.00",2024-02-22
443,HRL,2024022205000628,76,58,20.00,632.00,"12,640.00",2024-02-22
444,HRL,2024022205000629,76,44,10.00,632.00,"6,320.00",2024-02-22
445,HRL,2024022205000630,76,55,10.00,632.00,"6,320.00",2024-02-22
446,HRL,2024022205000631,76,49,20.00,632.00,"12,640.00",2024-02-22
447,HRL,2024022205000632,47,38,170.00,633.00,"107,610.00",2024-02-22
448,HRL,2024022205000633,47,22,10.00,633.00,"6,330.00",2024-02-22
449,HRL,2024022205000634,47,58,10.00,633.00,"6,330.00",2024-02-22
450,HRL,2024022205000635,47,58,20.00,633.00,"12,660.00",2024-02-22
451,HRL,2024022205000636,47,35,20.00,633.00,"12,660.00",2024-02-22
452,HRL,2024022205000637,47,21,20.00,633.00,"12,660.00",2024-02-22
453,HRL,2024022205000638,47,25,20.00,633.00,"12,660.00",2024-02-22
454,HRL,2024022205000639,47,62,10.00,633.00,"6,330.00",2024-02-22
455,HRL,2024022205000640,47,34,220.00,633.00,"139,260.00",2024-02-22
456,HRL,2024022205000641,58,34,710.00,633.00,"449,430.00",2024-02-22
457,HRL,2024022205000642,52,58,20.00,634.00,"12,680.00",2024-02-22
458,HRL,2024022205000643,52,45,10.00,634.00,"6,340.00",2024-02-22
459,HRL,2024022205000644,52,57,10.00,634.00,"6,340.00",2024-02-22
460,HRL,2024022205000645,52,25,10.00,634.00,"6,340.00",2024-02-22
461,HRL,2024022205000646,52,52,10.00,634.00,"6,340.00",2024-02-22
462,HRL,2024022205000647,52,58,10.00,634.00,"6,340.00",2024-02-22
463,HRL,2024022205000649,52,49,10.00,634.00,"6,340.00",2024-02-22
464,HRL,2024022205000650,52,58,20.00,634.00,"12,680.00",2024-02-22
465,HRL,2024022205000651,76,40,10.00,634.00,"6,340.00",2024-02-22
466,HRL,2024022205000655,58,14,10.00,633.00,"6,330.00",2024-02-22
467,HRL,2024022205000657,58,1,20.00,633.00,"12,660.00",2024-02-22
468,HRL,2024022205000658,57,46,10.00,635.00,"6,350.00",2024-02-22
469,HRL,2024022205000659,57,32,10.00,635.00,"6,350.00",2024-02-22
470,HRL,2024022205000660,57,57,10.00,635.00,"6,350.00",2024-02-22
471,HRL,2024022205000661,57,38,10.00,635.00,"6,350.00",2024-02-22
472,HRL,2024022205000662,57,38,30.00,635.00,"19,050.00",2024-02-22
473,HRL,2024022205000663,57,57,20.00,635.00,"12,700.00",2024-02-22
474,HRL,2024022205000664,57,38,10.00,635.00,"6,350.00",2024-02-22
475,HRL,2024022205000665,57,45,20.00,635.00,"12,700.00",2024-02-22
476,HRL,2024022205000666,57,32,10.00,635.00,"6,350.00",2024-02-22
477,HRL,2024022205000667,57,75,20.00,635.00,"12,700.00",2024-02-22
478,HRL,2024022205000668,57,42,10.00,635.00,"6,350.00",2024-02-22
479,HRL,2024022205000669,57,58,10.00,635.00,"6,350.00",2024-02-22
480,HRL,2024022205000670,57,35,30.00,635.00,"19,050.00",2024-02-22
481,HRL,2024022205000671,58,52,10.00,633.00,"6,330.00",2024-02-22
482,HRL,2024022205000672,58,3,20.00,633.00,"12,660.00",2024-02-22
483,HRL,2024022205000673,76,52,10.00,634.00,"6,340.00",2024-02-22
484,HRL,2024022205000674,57,3,20.00,633.10,"12,662.00",2024-02-22
485,HRL,2024022205000675,76,52,10.00,634.00,"6,340.00",2024-02-22
486,HRL,2024022205000676,76,57,10.00,635.00,"6,350.00",2024-02-22
487,HRL,2024022205000677,57,49,10.00,633.10,"6,331.00",2024-02-22
488,HRL,2024022205000678,57,53,20.00,633.10,"12,662.00",2024-02-22
489,HRL,2024022205000679,58,21,20.00,634.00,"12,680.00",2024-02-22
490,HRL,2024022205000680,57,3,20.00,633.10,"12,662.00",2024-02-22
491,HRL,2024022205000681,57,38,10.00,633.10,"6,331.00",2024-02-22
492,HRL,2024022205000682,57,42,30.00,633.10,"18,993.00",2024-02-22
493,HRL,2024022205000684,57,49,20.00,633.10,"12,662.00",2024-02-22
494,HRL,2024022205000685,57,3,20.00,633.10,"12,662.00",2024-02-22
495,HRL,2024022205000686,39,57,10.00,635.00,"6,350.00",2024-02-22
496,HRL,2024022205000687,39,48,10.00,635.00,"6,350.00",2024-02-22
497,HRL,2024022205000688,39,38,10.00,635.00,"6,350.00",2024-02-22
498,HRL,2024022205000689,39,7,10.00,635.00,"6,350.00",2024-02-22
499,HRL,2024022205000690,39,21,10.00,635.00,"6,350.00",2024-02-22
500,HRL,2024022205000691,39,16,20.00,635.00,"12,700.00",2024-02-22
501,HRL,2024022205000692,39,47,30.00,635.00,"19,050.00",2024-02-22
502,HRL,2024022205000693,39,57,10.00,635.00,"6,350.00",2024-02-22
503,HRL,2024022205000694,39,35,10.00,635.00,"6,350.00",2024-02-22
504,HRL,2024022205000695,39,38,10.00,635.00,"6,350.00",2024-02-22
505,HRL,2024022205000696,39,13,10.00,635.00,"6,350.00",2024-02-22
506,HRL,2024022205000697,39,42,90.00,635.00,"57,150.00",2024-02-22
507,HRL,2024022205000698,51,40,10.00,633.00,"6,330.00",2024-02-22
508,HRL,2024022205000702,51,3,20.00,633.00,"12,660.00",2024-02-22
509,HRL,2024022205000705,51,4,20.00,633.00,"12,660.00",2024-02-22
510,HRL,2024022205000712,36,3,20.00,631.00,"12,620.00",2024-02-22
511,HRL,2024022205000713,36,38,10.00,631.00,"6,310.00",2024-02-22
512,HRL,2024022205000716,36,3,20.00,631.00,"12,620.00",2024-02-22
513,HRL,2024022205000717,65,42,10.00,633.00,"6,330.00",2024-02-22
514,HRL,2024022205000718,36,58,10.00,631.00,"6,310.00",2024-02-22
515,HRL,2024022205000722,36,34,10.00,631.00,"6,310.00",2024-02-22
516,HRL,2024022205000723,73,35,10.00,633.00,"6,330.00",2024-02-22
517,HRL,2024022205000724,73,49,10.00,633.00,"6,330.00",2024-02-22
518,HRL,2024022205000725,73,58,10.00,633.00,"6,330.00",2024-02-22
519,HRL,2024022205000726,73,42,10.00,635.00,"6,350.00",2024-02-22
520,HRL,2024022205000727,73,46,20.00,635.00,"12,700.00",2024-02-22
521,HRL,2024022205000728,73,35,10.00,635.00,"6,350.00",2024-02-22
522,HRL,2024022205000729,73,14,30.00,635.00,"19,050.00",2024-02-22
523,HRL,2024022205000733,45,35,20.00,633.00,"12,660.00",2024-02-22
524,HRL,2024022205000735,45,58,10.00,633.00,"6,330.00",2024-02-22
525,HRL,2024022205000737,45,21,10.00,633.00,"6,330.00",2024-02-22
526,HRL,2024022205000738,45,58,10.00,633.00,"6,330.00",2024-02-22
527,HRL,2024022205000741,45,83,10.00,633.00,"6,330.00",2024-02-22
528,HRL,2024022205000742,25,7,10.00,633.00,"6,330.00",2024-02-22
529,HRL,2024022205000743,25,14,10.00,635.00,"6,350.00",2024-02-22
530,HRL,2024022205000745,39,58,20.00,633.00,"12,660.00",2024-02-22
531,HRL,2024022205000746,66,53,20.00,632.10,"12,642.00",2024-02-22
532,HRL,2024022205000747,25,38,10.00,632.20,"6,322.00",2024-02-22
533,HRL,2024022205000748,25,45,10.00,632.20,"6,322.00",2024-02-22
534,HRL,2024022205000749,49,58,10.00,633.00,"6,330.00",2024-02-22
535,HRL,2024022205000750,65,42,10.00,633.00,"6,330.00",2024-02-22
536,HRL,2024022205000751,25,38,10.00,632.20,"6,322.00",2024-02-22
537,HRL,2024022205000752,65,45,10.00,634.00,"6,340.00",2024-02-22
538,HRL,2024022205000753,76,56,20.00,634.90,"12,698.00",2024-02-22
539,HRL,2024022205000754,46,48,20.00,633.10,"12,662.00",2024-02-22
540,HRL,2024022205000755,46,38,10.00,633.10,"6,331.00",2024-02-22
541,HRL,2024022205000756,46,45,10.00,633.10,"6,331.00",2024-02-22
542,HRL,2024022205000759,46,36,10.00,633.10,"6,331.00",2024-02-22
543,HRL,2024022205000760,46,38,10.00,633.10,"6,331.00",2024-02-22
544,HRL,2024022205000763,76,42,10.00,634.00,"6,340.00",2024-02-22
545,HRL,2024022205000764,76,33,10.00,634.00,"6,340.00",2024-02-22
546,HRL,2024022205000765,76,58,20.00,634.00,"12,680.00",2024-02-22
547,HRL,2024022205000767,76,7,10.00,634.00,"6,340.00",2024-02-22
548,HRL,2024022205000768,76,49,10.00,634.00,"6,340.00",2024-02-22
549,HRL,2024022205000769,76,56,940.00,634.00,"595,960.00",2024-02-22
550,HRL,2024022205000770,39,56,30.00,634.00,"19,020.00",2024-02-22
551,HRL,2024022205000771,76,56,10.00,634.00,"6,340.00",2024-02-22
552,HRL,2024022205000772,39,38,20.00,633.50,"12,670.00",2024-02-22
553,HRL,2024022205000773,42,56,20.00,634.00,"12,680.00",2024-02-22
554,HRL,2024022205000774,42,22,10.00,634.00,"6,340.00",2024-02-22
555,HRL,2024022205000776,42,18,10.00,634.00,"6,340.00",2024-02-22
556,HRL,2024022205000777,42,49,20.00,634.00,"12,680.00",2024-02-22
557,HRL,2024022205000778,42,35,20.00,634.00,"12,680.00",2024-02-22
558,HRL,2024022205000779,42,16,10.00,634.00,"6,340.00",2024-02-22
559,HRL,2024022205000780,25,59,10.00,634.10,"6,341.00",2024-02-22
560,HRL,2024022205000781,58,56,180.00,634.90,"114,282.00",2024-02-22
561,HRL,2024022205000782,58,45,10.00,634.90,"6,349.00",2024-02-22
562,HRL,2024022205000783,25,47,10.00,634.10,"6,341.00",2024-02-22
563,HRL,2024022205000784,25,42,10.00,634.10,"6,341.00",2024-02-22
564,HRL,2024022205000785,25,35,10.00,634.10,"6,341.00",2024-02-22
565,HRL,2024022205000786,66,14,100.00,635.00,"63,500.00",2024-02-22
566,HRL,2024022205000787,25,52,20.00,634.10,"12,682.00",2024-02-22
567,HRL,2024022205000788,52,56,75.00,634.90,"47,617.50",2024-02-22
568,HRL,2024022205000791,25,32,10.00,634.10,"6,341.00",2024-02-22
569,HRL,2024022205000792,25,4,20.00,634.10,"12,682.00",2024-02-22
570,HRL,2024022205000794,25,49,10.00,634.10,"6,341.00",2024-02-22
571,HRL,2024022205000796,25,18,10.00,634.10,"6,341.00",2024-02-22
572,HRL,2024022205000797,49,56,15.00,634.90,"9,523.50",2024-02-22
573,HRL,2024022205000798,25,58,10.00,634.10,"6,341.00",2024-02-22
574,HRL,2024022205000799,39,56,110.00,634.90,"69,839.00",2024-02-22
575,HRL,2024022205000800,39,35,10.00,634.90,"6,349.00",2024-02-22
576,HRL,2024022205000801,39,53,20.00,634.90,"12,698.00",2024-02-22
577,HRL,2024022205000802,39,18,10.00,634.90,"6,349.00",2024-02-22
578,HRL,2024022205000804,39,58,20.00,634.90,"12,698.00",2024-02-22
579,HRL,2024022205000805,39,16,10.00,634.90,"6,349.00",2024-02-22
580,HRL,2024022205000806,39,56,200.00,634.90,"126,980.00",2024-02-22
581,HRL,2024022205000811,39,14,30.00,634.90,"19,047.00",2024-02-22
582,HRL,2024022205000812,39,56,170.00,634.90,"107,933.00",2024-02-22
583,HRL,2024022205000813,44,56,25.00,634.90,"15,872.50",2024-02-22
584,HRL,2024022205000814,25,35,20.00,634.10,"12,682.00",2024-02-22
585,HRL,2024022205000815,25,38,10.00,634.10,"6,341.00",2024-02-22
586,HRL,2024022205000818,25,35,20.00,634.10,"12,682.00",2024-02-22
587,HRL,2024022205000819,19,14,30.00,634.20,"19,026.00",2024-02-22
588,HRL,2024022205000820,19,4,20.00,634.20,"12,684.00",2024-02-22
589,HRL,2024022205000822,19,59,10.00,634.20,"6,342.00",2024-02-22
590,HRL,2024022205000826,33,56,50.00,634.90,"31,745.00",2024-02-22
591,HRL,2024022205000827,46,18,10.00,634.30,"6,343.00",2024-02-22
592,HRL,2024022205000834,46,56,200.00,634.30,"126,860.00",2024-02-22
593,HRL,2024022205000836,46,53,20.00,634.30,"12,686.00",2024-02-22
594,HRL,2024022205000837,46,14,10.00,634.30,"6,343.00",2024-02-22
595,HRL,2024022205000838,25,14,20.00,634.10,"12,682.00",2024-02-22
596,HRL,2024022205000841,25,38,10.00,634.10,"6,341.00",2024-02-22
597,HRL,2024022205000843,13,56,50.00,634.00,"31,700.00",2024-02-22
598,HRL,2024022205000844,17,56,50.00,634.00,"31,700.00",2024-02-22
599,HRL,2024022205000845,45,56,100.00,634.00,"63,400.00",2024-02-22
600,HRL,2024022205000846,53,56,500.00,634.00,"317,000.00",2024-02-22
601,HRL,2024022205000850,66,58,20.00,633.60,"12,672.00",2024-02-22
602,HRL,2024022205000860,25,58,30.00,633.70,"19,011.00",2024-02-22
603,HRL,2024022205000861,25,34,10.00,633.70,"6,337.00",2024-02-22
604,HRL,2024022205000862,25,49,20.00,633.70,"12,674.00",2024-02-22
605,HRL,2024022205000863,26,56,100.00,634.00,"63,400.00",2024-02-22
606,HRL,2024022205000864,25,52,20.00,633.70,"12,674.00",2024-02-22
607,HRL,2024022205000866,56,56,200.00,634.00,"126,800.00",2024-02-22
608,HRL,2024022205000867,56,11,20.00,634.00,"12,680.00",2024-02-22
609,HRL,2024022205000868,56,58,20.00,634.00,"12,680.00",2024-02-22
610,HRL,2024022205000869,56,58,10.00,634.00,"6,340.00",2024-02-22
611,HRL,2024022205000875,56,21,20.00,634.00,"12,680.00",2024-02-22
612,HRL,2024022205000877,56,4,20.00,634.00,"12,680.00",2024-02-22
613,HRL,2024022205000879,56,14,10.00,634.00,"6,340.00",2024-02-22
614,HRL,2024022205000881,56,75,20.00,634.00,"12,680.00",2024-02-22
615,HRL,2024022205000882,56,53,20.00,634.00,"12,680.00",2024-02-22
616,HRL,2024022205000883,56,72,20.00,634.00,"12,680.00",2024-02-22
617,HRL,2024022205000884,56,38,10.00,634.00,"6,340.00",2024-02-22
618,HRL,2024022205000885,56,58,20.00,634.00,"12,680.00",2024-02-22
619,HRL,2024022205000888,11,58,10.00,634.10,"6,341.00",2024-02-22
620,HRL,2024022205000889,11,41,20.00,634.30,"12,686.00",2024-02-22
621,HRL,2024022205000891,46,36,15.00,634.10,"9,511.50",2024-02-22
622,HRL,2024022205000892,56,17,10.00,634.00,"6,340.00",2024-02-22
623,HRL,2024022205000893,56,58,100.00,634.00,"63,400.00",2024-02-22
624,HRL,2024022205000894,19,58,40.00,633.80,"25,352.00",2024-02-22
625,HRL,2024022205000895,25,58,120.00,633.70,"76,044.00",2024-02-22
626,HRL,2024022205000896,66,58,80.00,633.60,"50,688.00",2024-02-22
627,HRL,2024022205000897,81,58,160.00,633.20,"101,312.00",2024-02-22
628,HRL,2024022205000898,76,56,10.00,634.90,"6,349.00",2024-02-22
629,HRL,2024022205000899,81,4,20.00,633.20,"12,664.00",2024-02-22
630,HRL,2024022205000901,81,57,10.00,633.20,"6,332.00",2024-02-22
631,HRL,2024022205000902,81,36,20.00,633.20,"12,664.00",2024-02-22
632,HRL,2024022205000904,81,57,10.00,633.20,"6,332.00",2024-02-22
633,HRL,2024022205000905,81,38,10.00,633.20,"6,332.00",2024-02-22
634,HRL,2024022205000907,25,57,10.00,632.20,"6,322.00",2024-02-22
635,HRL,2024022205000908,25,58,20.00,632.20,"12,644.00",2024-02-22
636,HRL,2024022205000909,25,35,10.00,632.20,"6,322.00",2024-02-22
637,HRL,2024022205000910,25,57,10.00,632.20,"6,322.00",2024-02-22
638,HRL,2024022205000912,25,35,10.00,632.20,"6,322.00",2024-02-22
639,HRL,2024022205000915,25,53,20.00,632.20,"12,644.00",2024-02-22
640,HRL,2024022205000917,25,1,20.00,632.20,"12,644.00",2024-02-22
641,HRL,2024022205000918,25,57,10.00,632.20,"6,322.00",2024-02-22
642,HRL,2024022205000919,25,58,10.00,632.20,"6,322.00",2024-02-22
643,HRL,2024022205000920,45,52,10.00,633.00,"6,330.00",2024-02-22
644,HRL,2024022205000922,45,21,10.00,633.00,"6,330.00",2024-02-22
645,HRL,2024022205000923,45,4,20.00,633.00,"12,660.00",2024-02-22
646,HRL,2024022205000925,45,51,10.00,633.00,"6,330.00",2024-02-22
647,HRL,2024022205000926,45,14,30.00,633.00,"18,990.00",2024-02-22
648,HRL,2024022205000927,45,42,10.00,633.00,"6,330.00",2024-02-22
649,HRL,2024022205000928,45,57,10.00,633.00,"6,330.00",2024-02-22
650,HRL,2024022205000929,45,35,10.00,633.00,"6,330.00",2024-02-22
651,HRL,2024022205000930,45,58,30.00,633.00,"18,990.00",2024-02-22
652,HRL,2024022205000931,45,4,10.00,633.00,"6,330.00",2024-02-22
653,HRL,2024022205000933,45,57,10.00,633.00,"6,330.00",2024-02-22
654,HRL,2024022205000935,25,53,20.00,633.10,"12,662.00",2024-02-22
655,HRL,2024022205000936,25,58,10.00,633.10,"6,331.00",2024-02-22
656,HRL,2024022205000938,25,75,10.00,633.10,"6,331.00",2024-02-22
657,HRL,2024022205000939,25,4,10.00,633.10,"6,331.00",2024-02-22
658,HRL,2024022205000942,45,58,10.00,633.00,"6,330.00",2024-02-22
659,HRL,2024022205000943,45,58,10.00,633.00,"6,330.00",2024-02-22
660,HRL,2024022205000944,45,17,20.00,633.00,"12,660.00",2024-02-22
661,HRL,2024022205000945,45,72,20.00,633.00,"12,660.00",2024-02-22
662,HRL,2024022205000948,45,45,10.00,633.00,"6,330.00",2024-02-22
663,HRL,2024022205000950,45,38,10.00,633.00,"6,330.00",2024-02-22
664,HRL,2024022205000951,45,53,10.00,633.00,"6,330.00",2024-02-22
665,HRL,2024022205000954,41,4,10.00,633.10,"6,331.00",2024-02-22
666,HRL,2024022205000955,41,39,20.00,633.10,"12,662.00",2024-02-22
667,HRL,2024022205000956,41,58,20.00,633.10,"12,662.00",2024-02-22
668,HRL,2024022205000957,41,57,30.00,633.10,"18,993.00",2024-02-22
669,HRL,2024022205000958,41,14,20.00,633.10,"12,662.00",2024-02-22
670,HRL,2024022205000959,45,14,10.00,633.00,"6,330.00",2024-02-22
671,HRL,2024022205000960,45,36,20.00,633.00,"12,660.00",2024-02-22
672,HRL,2024022205000963,59,53,20.00,633.10,"12,662.00",2024-02-22
673,HRL,2024022205000964,59,25,20.00,633.10,"12,662.00",2024-02-22
674,HRL,2024022205000965,59,59,20.00,633.10,"12,662.00",2024-02-22
675,HRL,2024022205000966,59,42,10.00,633.10,"6,331.00",2024-02-22
676,HRL,2024022205000969,59,14,30.00,633.10,"18,993.00",2024-02-22
677,HRL,2024022205000972,13,38,10.00,633.10,"6,331.00",2024-02-22
678,HRL,2024022205000973,13,72,20.00,633.10,"12,662.00",2024-02-22
679,HRL,2024022205000974,13,40,10.00,633.10,"6,331.00",2024-02-22
680,HRL,2024022205000978,13,58,20.00,633.10,"12,662.00",2024-02-22
681,HRL,2024022205000979,13,36,10.00,633.10,"6,331.00",2024-02-22
682,HRL,2024022205000980,13,56,30.00,633.10,"18,993.00",2024-02-22
683,HRL,2024022205000990,45,4,20.00,633.00,"12,660.00",2024-02-22
684,HRL,2024022205000991,45,14,30.00,633.00,"18,990.00",2024-02-22
685,HRL,2024022205000992,45,4,10.00,633.00,"6,330.00",2024-02-22
686,HRL,2024022205000993,45,72,20.00,633.00,"12,660.00",2024-02-22
687,HRL,2024022205000994,45,36,10.00,633.00,"6,330.00",2024-02-22
688,HRL,2024022205000995,45,52,20.00,633.00,"12,660.00",2024-02-22
689,HRL,2024022205000996,45,52,10.00,633.00,"6,330.00",2024-02-22
690,HRL,2024022205000997,45,34,10.00,633.00,"6,330.00",2024-02-22
691,HRL,2024022205000998,45,40,10.00,633.00,"6,330.00",2024-02-22
692,HRL,2024022205000999,45,14,20.00,633.00,"12,660.00",2024-02-22
693,HRL,2024022205001000,45,49,250.00,633.00,"158,250.00",2024-02-22
694,HRL,2024022205001001,45,57,10.00,633.00,"6,330.00",2024-02-22
695,HRL,2024022205001002,45,49,10.00,633.00,"6,330.00",2024-02-22
696,HRL,2024022205001004,45,42,10.00,633.00,"6,330.00",2024-02-22
697,HRL,2024022205001005,45,53,20.00,633.00,"12,660.00",2024-02-22
698,HRL,2024022205001006,45,49,20.00,633.00,"12,660.00",2024-02-22
699,HRL,2024022205001007,45,14,30.00,633.00,"18,990.00",2024-02-22
700,HRL,2024022205001008,45,42,10.00,633.00,"6,330.00",2024-02-22
701,HRL,2024022205001009,45,21,10.00,633.00,"6,330.00",2024-02-22
702,HRL,2024022205001012,45,45,20.00,633.00,"12,660.00",2024-02-22
703,HRL,2024022205001013,45,45,10.00,633.00,"6,330.00",2024-02-22
704,HRL,2024022205001017,10,58,20.00,633.10,"12,662.00",2024-02-22
705,HRL,2024022205001018,10,6,30.00,633.10,"18,993.00",2024-02-22
706,HRL,2024022205001019,10,10,30.00,633.10,"18,993.00",2024-02-22
707,HRL,2024022205001020,10,36,10.00,633.10,"6,331.00",2024-02-22
708,HRL,2024022205001021,10,4,20.00,633.10,"12,662.00",2024-02-22
709,HRL,2024022205001022,10,42,50.00,633.10,"31,655.00",2024-02-22
710,HRL,2024022205001023,10,38,40.00,633.10,"25,324.00",2024-02-22
711,HRL,2024022205001026,10,14,20.00,633.10,"12,662.00",2024-02-22
712,HRL,2024022205001028,10,39,20.00,633.10,"12,662.00",2024-02-22
713,HRL,2024022205001030,10,58,30.00,633.10,"18,993.00",2024-02-22
714,HRL,2024022205001031,10,14,30.00,633.10,"18,993.00",2024-02-22
715,HRL,2024022205001033,6,58,10.00,633.20,"6,332.00",2024-02-22
716,HRL,2024022205001034,6,42,10.00,633.20,"6,332.00",2024-02-22
717,HRL,2024022205001035,10,45,20.00,633.10,"12,662.00",2024-02-22
718,HRL,2024022205001036,10,3,20.00,633.10,"12,662.00",2024-02-22
719,HRL,2024022205001037,52,10,10.00,633.20,"6,332.00",2024-02-22
720,HRL,2024022205001038,52,45,10.00,633.20,"6,332.00",2024-02-22
721,HRL,2024022205001041,52,49,10.00,633.20,"6,332.00",2024-02-22
722,HRL,2024022205001043,52,45,20.00,633.20,"12,664.00",2024-02-22
723,HRL,2024022205001044,52,14,10.00,633.20,"6,332.00",2024-02-22
724,HRL,2024022205001045,10,14,20.00,633.10,"12,662.00",2024-02-22
725,HRL,2024022205001047,10,53,20.00,633.10,"12,662.00",2024-02-22
726,HRL,2024022205001052,10,38,10.00,633.10,"6,331.00",2024-02-22
727,HRL,2024022205001053,10,14,10.00,633.10,"6,331.00",2024-02-22
728,HRL,2024022205001054,45,14,20.00,633.00,"12,660.00",2024-02-22
729,HRL,2024022205001055,45,49,10.00,633.10,"6,331.00",2024-02-22
730,HRL,2024022205001056,62,42,20.00,634.00,"12,680.00",2024-02-22
731,HRL,2024022205001057,62,58,10.00,634.00,"6,340.00",2024-02-22
732,HRL,2024022205001058,62,45,10.00,634.00,"6,340.00",2024-02-22
733,HRL,2024022205001059,62,47,10.00,634.00,"6,340.00",2024-02-22
734,HRL,2024022205001060,62,59,20.00,634.00,"12,680.00",2024-02-22
735,HRL,2024022205001061,62,26,10.00,634.30,"6,343.00",2024-02-22
736,HRL,2024022205001062,62,56,140.00,634.90,"88,886.00",2024-02-22
737,HRL,2024022205001063,62,58,30.00,634.90,"19,047.00",2024-02-22
738,HRL,2024022205001064,62,56,200.00,634.90,"126,980.00",2024-02-22
739,HRL,2024022205001065,62,58,30.00,634.90,"19,047.00",2024-02-22
740,HRL,2024022205001066,62,21,"1,502.00",634.90,"953,619.80",2024-02-22
741,HRL,2024022205001067,62,14,150.00,635.00,"95,250.00",2024-02-22
742,HRL,2024022205001068,62,57,20.00,635.00,"12,700.00",2024-02-22
743,HRL,2024022205001069,62,41,10.00,635.00,"6,350.00",2024-02-22
744,HRL,2024022205001070,62,40,10.00,635.00,"6,350.00",2024-02-22
745,HRL,2024022205001071,62,50,30.00,635.00,"19,050.00",2024-02-22
746,HRL,2024022205001072,62,38,50.00,635.00,"31,750.00",2024-02-22
747,HRL,2024022205001073,62,45,100.00,635.00,"63,500.00",2024-02-22
748,HRL,2024022205001074,62,42,50.00,635.00,"31,750.00",2024-02-22
749,HRL,2024022205001075,62,58,20.00,635.00,"12,700.00",2024-02-22
750,HRL,2024022205001076,62,4,20.00,635.00,"12,700.00",2024-02-22
751,HRL,2024022205001077,62,51,20.00,635.00,"12,700.00",2024-02-22
752,HRL,2024022205001078,62,52,10.00,635.00,"6,350.00",2024-02-22
753,HRL,2024022205001079,62,35,10.00,635.00,"6,350.00",2024-02-22
754,HRL,2024022205001080,62,19,10.00,635.00,"6,350.00",2024-02-22
755,HRL,2024022205001084,45,49,10.00,633.10,"6,331.00",2024-02-22
756,HRL,2024022205001085,45,4,20.00,633.10,"12,662.00",2024-02-22
757,HRL,2024022205001086,45,45,20.00,633.10,"12,662.00",2024-02-22
758,HRL,2024022205001089,45,42,10.00,633.10,"6,331.00",2024-02-22
759,HRL,2024022205001090,45,42,10.00,633.10,"6,331.00",2024-02-22
760,HRL,2024022205001091,45,4,20.00,633.10,"12,662.00",2024-02-22
761,HRL,2024022205001094,45,16,20.00,633.10,"12,662.00",2024-02-22
762,HRL,2024022205001099,45,22,20.00,633.10,"12,662.00",2024-02-22
763,HRL,2024022205001100,57,55,78.00,635.00,"49,530.00",2024-02-22
764,HRL,2024022205001101,45,58,10.00,633.10,"6,331.00",2024-02-22
765,HRL,2024022205001102,45,38,10.00,633.10,"6,331.00",2024-02-22
766,HRL,2024022205001104,45,49,10.00,633.10,"6,331.00",2024-02-22
767,HRL,2024022205001105,45,14,10.00,633.10,"6,331.00",2024-02-22
768,HRL,2024022205001106,45,14,20.00,633.10,"12,662.00",2024-02-22
769,HRL,2024022205001109,56,38,10.00,633.20,"6,332.00",2024-02-22
770,HRL,2024022205001111,56,58,20.00,633.20,"12,664.00",2024-02-22
771,HRL,2024022205001112,56,10,10.00,633.20,"6,332.00",2024-02-22
772,HRL,2024022205001113,56,35,20.00,633.20,"12,664.00",2024-02-22
773,HRL,2024022205001114,38,14,30.00,635.00,"19,050.00",2024-02-22
774,HRL,2024022205001115,38,52,10.00,635.00,"6,350.00",2024-02-22
775,HRL,2024022205001116,38,52,10.00,635.00,"6,350.00",2024-02-22
776,HRL,2024022205001117,38,37,10.00,635.00,"6,350.00",2024-02-22
777,HRL,2024022205001118,38,19,10.00,635.00,"6,350.00",2024-02-22
778,HRL,2024022205001119,38,19,10.00,635.00,"6,350.00",2024-02-22
779,HRL,2024022205001120,38,11,10.00,635.00,"6,350.00",2024-02-22
780,HRL,2024022205001121,38,34,20.00,635.00,"12,700.00",2024-02-22
781,HRL,2024022205001127,19,38,10.00,633.30,"6,333.00",2024-02-22
782,HRL,2024022205001129,19,4,10.00,633.30,"6,333.00",2024-02-22
783,HRL,2024022205001130,19,50,20.00,633.30,"12,666.00",2024-02-22
784,HRL,2024022205001131,46,56,15.00,634.90,"9,523.50",2024-02-22
785,HRL,2024022205001132,46,34,10.00,635.00,"6,350.00",2024-02-22
786,HRL,2024022205001133,46,14,10.00,635.00,"6,350.00",2024-02-22
787,HRL,2024022205001134,46,45,20.00,635.00,"12,700.00",2024-02-22
788,HRL,2024022205001135,46,49,10.00,635.00,"6,350.00",2024-02-22
789,HRL,2024022205001136,46,11,10.00,635.00,"6,350.00",2024-02-22
790,HRL,2024022205001137,46,45,10.00,635.00,"6,350.00",2024-02-22
791,HRL,2024022205001138,46,41,10.00,635.00,"6,350.00",2024-02-22
792,HRL,2024022205001139,46,42,10.00,635.00,"6,350.00",2024-02-22
793,HRL,2024022205001140,46,49,10.00,635.00,"6,350.00",2024-02-22
794,HRL,2024022205001141,46,11,20.00,635.00,"12,700.00",2024-02-22
795,HRL,2024022205001142,46,38,10.00,635.00,"6,350.00",2024-02-22
796,HRL,2024022205001143,46,11,20.00,635.00,"12,700.00",2024-02-22
797,HRL,2024022205001144,46,58,10.00,635.00,"6,350.00",2024-02-22
798,HRL,2024022205001145,46,13,20.00,635.00,"12,700.00",2024-02-22
799,HRL,2024022205001146,46,35,10.00,635.00,"6,350.00",2024-02-22
800,HRL,2024022205001147,46,11,30.00,635.00,"19,050.00",2024-02-22
801,HRL,2024022205001148,46,57,10.00,635.00,"6,350.00",2024-02-22
802,HRL,2024022205001149,46,11,30.00,635.00,"19,050.00",2024-02-22
803,HRL,2024022205001150,46,11,30.00,635.00,"19,050.00",2024-02-22
804,HRL,2024022205001151,46,43,20.00,635.00,"12,700.00",2024-02-22
805,HRL,2024022205001152,46,11,30.00,635.00,"19,050.00",2024-02-22
806,HRL,2024022205001153,46,42,10.00,635.00,"6,350.00",2024-02-22
807,HRL,2024022205001154,46,58,10.00,635.00,"6,350.00",2024-02-22
808,HRL,2024022205001155,46,34,200.00,635.90,"127,180.00",2024-02-22
809,HRL,2024022205001156,46,57,20.00,635.90,"12,718.00",2024-02-22
810,HRL,2024022205001157,46,35,10.00,635.90,"6,359.00",2024-02-22
811,HRL,2024022205001158,46,19,10.00,636.00,"6,360.00",2024-02-22
812,HRL,2024022205001159,46,58,10.00,636.00,"6,360.00",2024-02-22
813,HRL,2024022205001160,46,54,10.00,636.00,"6,360.00",2024-02-22
814,HRL,2024022205001161,46,41,10.00,636.00,"6,360.00",2024-02-22
815,HRL,2024022205001162,46,54,10.00,636.00,"6,360.00",2024-02-22
816,HRL,2024022205001163,46,29,20.00,636.00,"12,720.00",2024-02-22
817,HRL,2024022205001164,46,38,10.00,636.00,"6,360.00",2024-02-22
818,HRL,2024022205001165,46,54,10.00,636.00,"6,360.00",2024-02-22
819,HRL,2024022205001166,46,17,10.00,636.00,"6,360.00",2024-02-22
820,HRL,2024022205001167,46,54,10.00,636.00,"6,360.00",2024-02-22
821,HRL,2024022205001168,46,35,10.00,636.00,"6,360.00",2024-02-22
822,HRL,2024022205001169,46,26,10.00,636.00,"6,360.00",2024-02-22
823,HRL,2024022205001170,46,58,30.00,636.00,"19,080.00",2024-02-22
824,HRL,2024022205001171,46,21,148.00,636.00,"94,128.00",2024-02-22
825,HRL,2024022205001172,46,1,10.00,636.00,"6,360.00",2024-02-22
826,HRL,2024022205001173,46,7,77.00,636.00,"48,972.00",2024-02-22
827,HRL,2024022205001174,19,47,10.00,633.30,"6,333.00",2024-02-22
828,HRL,2024022205001175,37,14,30.00,633.30,"18,999.00",2024-02-22
829,HRL,2024022205001176,37,38,10.00,633.30,"6,333.00",2024-02-22
830,HRL,2024022205001177,37,42,10.00,633.30,"6,333.00",2024-02-22
831,HRL,2024022205001184,37,16,10.00,633.30,"6,333.00",2024-02-22
832,HRL,2024022205001185,37,59,10.00,633.30,"6,333.00",2024-02-22
833,HRL,2024022205001186,32,49,20.00,634.00,"12,680.00",2024-02-22
834,HRL,2024022205001187,32,56,20.00,635.00,"12,700.00",2024-02-22
835,HRL,2024022205001188,32,7,23.00,636.00,"14,628.00",2024-02-22
836,HRL,2024022205001197,46,14,30.00,633.40,"19,002.00",2024-02-22
837,HRL,2024022205001199,46,62,10.00,633.40,"6,334.00",2024-02-22
838,HRL,2024022205001200,37,4,10.00,633.30,"6,333.00",2024-02-22
839,HRL,2024022205001201,41,22,20.00,633.40,"12,668.00",2024-02-22
840,HRL,2024022205001202,41,36,20.00,633.40,"12,668.00",2024-02-22
841,HRL,2024022205001203,41,76,10.00,633.40,"6,334.00",2024-02-22
842,HRL,2024022205001204,4,10,30.00,634.00,"19,020.00",2024-02-22
843,HRL,2024022205001205,4,51,10.00,634.00,"6,340.00",2024-02-22
844,HRL,2024022205001206,43,11,10.00,635.00,"6,350.00",2024-02-22
845,HRL,2024022205001207,43,72,12.00,635.00,"7,620.00",2024-02-22
846,HRL,2024022205001211,4,38,10.00,634.00,"6,340.00",2024-02-22
847,HRL,2024022205001217,39,14,30.00,633.50,"19,005.00",2024-02-22
848,HRL,2024022205001221,39,45,20.00,633.50,"12,670.00",2024-02-22
849,HRL,2024022205001222,56,45,10.00,633.50,"6,335.00",2024-02-22
850,HRL,2024022205001224,56,4,20.00,633.50,"12,670.00",2024-02-22
851,HRL,2024022205001225,56,7,20.00,633.50,"12,670.00",2024-02-22
852,HRL,2024022205001229,56,4,10.00,633.50,"6,335.00",2024-02-22
853,HRL,2024022205001230,56,58,10.00,633.50,"6,335.00",2024-02-22
854,HRL,2024022205001231,56,34,10.00,633.50,"6,335.00",2024-02-22
855,HRL,2024022205001232,45,1,10.00,634.00,"6,340.00",2024-02-22
856,HRL,2024022205001233,56,42,10.00,633.50,"6,335.00",2024-02-22
857,HRL,2024022205001244,33,58,10.00,634.00,"6,340.00",2024-02-22
858,HRL,2024022205001245,33,34,10.00,634.00,"6,340.00",2024-02-22
859,HRL,2024022205001246,33,58,150.00,635.00,"95,250.00",2024-02-22
860,HRL,2024022205001247,33,35,20.00,635.90,"12,718.00",2024-02-22
861,HRL,2024022205001248,34,1,10.00,633.60,"6,336.00",2024-02-22
862,HRL,2024022205001249,34,26,20.00,633.60,"12,672.00",2024-02-22
863,HRL,2024022205001251,34,14,30.00,633.60,"19,008.00",2024-02-22
864,HRL,2024022205001252,40,4,20.00,633.70,"12,674.00",2024-02-22
865,HRL,2024022205001254,40,10,30.00,633.70,"19,011.00",2024-02-22
866,HRL,2024022205001255,19,45,30.00,633.70,"19,011.00",2024-02-22
867,HRL,2024022205001257,19,19,10.00,633.70,"6,337.00",2024-02-22
868,HRL,2024022205001259,19,53,10.00,633.70,"6,337.00",2024-02-22
869,HRL,2024022205001260,52,53,100.00,633.70,"63,370.00",2024-02-22
870,HRL,2024022205001261,14,53,50.00,633.70,"31,685.00",2024-02-22
871,HRL,2024022205001262,34,53,340.00,633.60,"215,424.00",2024-02-22
872,HRL,2024022205001264,34,14,30.00,633.60,"19,008.00",2024-02-22
873,HRL,2024022205001265,34,53,500.00,633.60,"316,800.00",2024-02-22
874,HRL,2024022205001266,43,34,10.00,633.90,"6,339.00",2024-02-22
875,HRL,2024022205001267,43,49,10.00,633.90,"6,339.00",2024-02-22
876,HRL,2024022205001269,62,34,10.00,634.00,"6,340.00",2024-02-22
877,HRL,2024022205001270,62,45,30.00,634.00,"19,020.00",2024-02-22
878,HRL,2024022205001271,62,42,10.00,634.00,"6,340.00",2024-02-22
879,HRL,2024022205001272,32,46,10.00,635.00,"6,350.00",2024-02-22
880,HRL,2024022205001273,62,34,10.00,634.00,"6,340.00",2024-02-22
881,HRL,2024022205001274,62,16,20.00,634.00,"12,680.00",2024-02-22
882,HRL,2024022205001276,62,14,30.00,634.00,"19,020.00",2024-02-22
883,HRL,2024022205001277,32,36,20.00,634.10,"12,682.00",2024-02-22
884,HRL,2024022205001278,46,58,20.00,635.00,"12,700.00",2024-02-22
885,HRL,2024022205001279,46,34,10.00,635.00,"6,350.00",2024-02-22
886,HRL,2024022205001280,46,42,20.00,635.00,"12,700.00",2024-02-22
887,HRL,2024022205001281,62,57,10.00,634.00,"6,340.00",2024-02-22
888,HRL,2024022205001282,62,10,30.00,634.00,"19,020.00",2024-02-22
889,HRL,2024022205001290,62,45,30.00,634.00,"19,020.00",2024-02-22
890,HRL,2024022205001291,62,45,20.00,634.00,"12,680.00",2024-02-22
891,HRL,2024022205001296,62,47,10.00,634.00,"6,340.00",2024-02-22
892,HRL,2024022205001298,62,32,10.00,634.00,"6,340.00",2024-02-22
893,HRL,2024022205001301,45,14,30.00,634.10,"19,023.00",2024-02-22
894,HRL,2024022205001302,42,72,11.00,635.90,"6,994.90",2024-02-22
895,HRL,2024022205001303,45,10,30.00,634.10,"19,023.00",2024-02-22
896,HRL,2024022205001304,45,42,20.00,634.10,"12,682.00",2024-02-22
897,HRL,2024022205001307,76,49,10.00,635.00,"6,350.00",2024-02-22
898,HRL,2024022205001308,76,52,10.00,635.00,"6,350.00",2024-02-22
899,HRL,2024022205001309,45,63,10.00,634.10,"6,341.00",2024-02-22
900,HRL,2024022205001310,45,39,10.00,634.10,"6,341.00",2024-02-22
901,HRL,2024022205001311,62,33,20.00,634.00,"12,680.00",2024-02-22
902,HRL,2024022205001312,33,39,10.00,634.10,"6,341.00",2024-02-22
903,HRL,2024022205001313,33,58,10.00,634.10,"6,341.00",2024-02-22
904,HRL,2024022205001315,33,45,30.00,634.10,"19,023.00",2024-02-22
905,HRL,2024022205001316,33,21,10.00,634.10,"6,341.00",2024-02-22
906,HRL,2024022205001317,33,48,100.00,634.10,"63,410.00",2024-02-22
907,HRL,2024022205001318,33,42,10.00,634.10,"6,341.00",2024-02-22
908,HRL,2024022205001319,16,52,20.00,635.00,"12,700.00",2024-02-22
909,HRL,2024022205001320,89,21,50.00,635.00,"31,750.00",2024-02-22
910,HRL,2024022205001321,33,42,20.00,634.10,"12,682.00",2024-02-22
911,HRL,2024022205001322,33,14,10.00,634.10,"6,341.00",2024-02-22
912,HRL,2024022205001323,62,45,30.00,634.00,"19,020.00",2024-02-22
913,HRL,2024022205001329,62,1,20.00,634.00,"12,680.00",2024-02-22
914,HRL,2024022205001333,65,14,20.00,634.10,"12,682.00",2024-02-22
915,HRL,2024022205001338,62,35,10.00,634.00,"6,340.00",2024-02-22
916,HRL,2024022205001345,62,58,20.00,634.00,"12,680.00",2024-02-22
917,HRL,2024022205001346,62,4,30.00,634.00,"19,020.00",2024-02-22
918,HRL,2024022205001347,56,58,20.00,634.10,"12,682.00",2024-02-22
919,HRL,2024022205001350,56,68,20.00,634.10,"12,682.00",2024-02-22
920,HRL,2024022205001352,56,51,100.00,634.10,"63,410.00",2024-02-22
921,HRL,2024022205001358,56,1,29.00,634.10,"18,388.90",2024-02-22
922,HRL,2024022205001360,56,49,10.00,634.10,"6,341.00",2024-02-22
923,HRL,2024022205001361,56,45,30.00,634.10,"19,023.00",2024-02-22
924,HRL,2024022205001362,56,42,10.00,634.10,"6,341.00",2024-02-22
925,HRL,2024022205001363,56,58,20.00,634.10,"12,682.00",2024-02-22
926,HRL,2024022205001365,56,4,20.00,634.10,"12,682.00",2024-02-22
927,HRL,2024022205001366,56,45,20.00,634.10,"12,682.00",2024-02-22
928,HRL,2024022205001367,56,42,10.00,634.10,"6,341.00",2024-02-22
929,HRL,2024022205001369,21,45,20.00,634.50,"12,690.00",2024-02-22
930,HRL,2024022205001370,21,72,17.00,634.50,"10,786.50",2024-02-22
931,HRL,2024022205001371,56,14,11.00,634.10,"6,975.10",2024-02-22
932,HRL,2024022205001372,45,14,19.00,634.10,"12,047.90",2024-02-22
933,HRL,2024022205001373,45,56,20.00,634.10,"12,682.00",2024-02-22
934,HRL,2024022205001375,47,22,30.00,634.90,"19,047.00",2024-02-22
935,HRL,2024022205001376,47,87,20.00,634.90,"12,698.00",2024-02-22
936,HRL,2024022205001377,47,42,20.00,634.90,"12,698.00",2024-02-22
937,HRL,2024022205001378,47,21,190.00,635.00,"120,650.00",2024-02-22
938,HRL,2024022205001384,52,4,20.00,634.20,"12,684.00",2024-02-22
939,HRL,2024022205001385,52,34,10.00,634.20,"6,342.00",2024-02-22
940,HRL,2024022205001387,48,21,10.00,635.00,"6,350.00",2024-02-22
941,HRL,2024022205001388,48,42,90.00,635.00,"57,150.00",2024-02-22
942,HRL,2024022205001390,52,40,10.00,634.20,"6,342.00",2024-02-22
943,HRL,2024022205001391,52,35,10.00,634.20,"6,342.00",2024-02-22
944,HRL,2024022205001392,45,35,10.00,634.10,"6,341.00",2024-02-22
945,HRL,2024022205001393,45,16,10.00,634.10,"6,341.00",2024-02-22
946,HRL,2024022205001395,13,42,20.00,634.20,"12,684.00",2024-02-22
947,HRL,2024022205001396,13,58,20.00,634.20,"12,684.00",2024-02-22
948,HRL,2024022205001397,13,16,10.00,634.20,"6,342.00",2024-02-22
949,HRL,2024022205001400,13,45,20.00,634.20,"12,684.00",2024-02-22
950,HRL,2024022205001401,13,34,10.00,634.20,"6,342.00",2024-02-22
951,HRL,2024022205001402,22,7,20.00,634.50,"12,690.00",2024-02-22
952,HRL,2024022205001404,45,13,30.00,634.30,"19,029.00",2024-02-22
953,HRL,2024022205001405,45,14,11.00,634.30,"6,977.30",2024-02-22
954,HRL,2024022205001406,13,14,29.00,634.20,"18,391.80",2024-02-22
955,HRL,2024022205001407,89,42,10.00,635.00,"6,350.00",2024-02-22
956,HRL,2024022205001408,89,58,10.00,635.00,"6,350.00",2024-02-22
957,HRL,2024022205001409,89,58,10.00,635.00,"6,350.00",2024-02-22
958,HRL,2024022205001410,89,36,10.00,635.00,"6,350.00",2024-02-22
959,HRL,2024022205001411,89,22,10.00,635.00,"6,350.00",2024-02-22
960,HRL,2024022205001413,13,4,20.00,634.30,"12,686.00",2024-02-22
961,HRL,2024022205001415,56,22,10.00,635.00,"6,350.00",2024-02-22
962,HRL,2024022205001416,56,58,10.00,635.00,"6,350.00",2024-02-22
963,HRL,2024022205001417,56,49,10.00,635.00,"6,350.00",2024-02-22
964,HRL,2024022205001418,56,43,10.00,635.00,"6,350.00",2024-02-22
965,HRL,2024022205001419,56,46,10.00,635.00,"6,350.00",2024-02-22
966,HRL,2024022205001420,56,58,20.00,635.00,"12,700.00",2024-02-22
967,HRL,2024022205001421,56,52,20.00,635.00,"12,700.00",2024-02-22
968,HRL,2024022205001422,56,42,10.00,635.00,"6,350.00",2024-02-22
969,HRL,2024022205001423,56,22,50.00,635.00,"31,750.00",2024-02-22
970,HRL,2024022205001424,56,17,10.00,635.00,"6,350.00",2024-02-22
971,HRL,2024022205001425,56,13,500.00,635.00,"317,500.00",2024-02-22
972,HRL,2024022205001426,56,87,10.00,635.00,"6,350.00",2024-02-22
973,HRL,2024022205001427,56,52,20.00,635.00,"12,700.00",2024-02-22
974,HRL,2024022205001428,56,42,10.00,635.00,"6,350.00",2024-02-22
975,HRL,2024022205001429,56,58,20.00,635.00,"12,700.00",2024-02-22
976,HRL,2024022205001430,56,56,280.00,635.00,"177,800.00",2024-02-22
977,HRL,2024022205001431,45,56,20.00,635.00,"12,700.00",2024-02-22
978,HRL,2024022205001433,45,38,10.00,635.00,"6,350.00",2024-02-22
979,HRL,2024022205001434,45,32,10.00,635.00,"6,350.00",2024-02-22
980,HRL,2024022205001435,33,56,100.00,635.10,"63,510.00",2024-02-22
981,HRL,2024022205001436,45,56,200.00,635.00,"127,000.00",2024-02-22
982,HRL,2024022205001438,45,59,10.00,635.00,"6,350.00",2024-02-22
983,HRL,2024022205001439,45,32,20.00,635.00,"12,700.00",2024-02-22
984,HRL,2024022205001440,45,84,130.00,635.00,"82,550.00",2024-02-22
985,HRL,2024022205001441,17,84,500.00,635.00,"317,500.00",2024-02-22
986,HRL,2024022205001442,89,84,50.00,635.00,"31,750.00",2024-02-22
987,HRL,2024022205001443,13,84,30.00,635.00,"19,050.00",2024-02-22
988,HRL,2024022205001444,40,84,30.00,635.00,"19,050.00",2024-02-22
989,HRL,2024022205001445,26,13,20.00,634.50,"12,690.00",2024-02-22
990,HRL,2024022205001446,13,13,10.00,634.20,"6,342.00",2024-02-22
991,HRL,2024022205001447,44,84,200.00,635.00,"127,000.00",2024-02-22
992,HRL,2024022205001448,13,47,10.00,634.20,"6,342.00",2024-02-22
993,HRL,2024022205001452,13,4,20.00,634.20,"12,684.00",2024-02-22
994,HRL,2024022205001453,13,34,20.00,634.20,"12,684.00",2024-02-22
995,HRL,2024022205001455,13,59,10.00,634.20,"6,342.00",2024-02-22
996,HRL,2024022205001456,13,58,20.00,634.20,"12,684.00",2024-02-22
997,HRL,2024022205001457,33,58,10.00,634.10,"6,341.00",2024-02-22
998,HRL,2024022205001458,33,58,20.00,634.10,"12,682.00",2024-02-22
999,HRL,2024022205001459,26,34,10.00,634.20,"6,342.00",2024-02-22
1000,HRL,2024022205001460,26,49,10.00,634.50,"6,345.00",2024-02-22
1001,HRL,2024022205001461,33,59,10.00,634.10,"6,341.00",2024-02-22
1002,HRL,2024022205001462,11,84,10.00,635.00,"6,350.00",2024-02-22
1003,HRL,2024022205001463,33,57,10.00,634.10,"6,341.00",2024-02-22
1004,HRL,2024022205001464,75,84,10.00,635.00,"6,350.00",2024-02-22
1005,HRL,2024022205001465,33,58,20.00,634.10,"12,682.00",2024-02-22
1006,HRL,2024022205001467,33,16,20.00,634.10,"12,682.00",2024-02-22
1007,HRL,2024022205001468,33,72,10.00,634.10,"6,341.00",2024-02-22
1008,HRL,2024022205001469,17,72,10.00,634.10,"6,341.00",2024-02-22
1009,HRL,2024022205001470,17,49,10.00,634.10,"6,341.00",2024-02-22
1010,HRL,2024022205001471,29,84,39.00,635.00,"24,765.00",2024-02-22
1011,HRL,2024022205001472,29,58,10.00,635.00,"6,350.00",2024-02-22
1012,HRL,2024022205001478,17,39,20.00,634.10,"12,682.00",2024-02-22
1013,HRL,2024022205001479,17,35,20.00,634.10,"12,682.00",2024-02-22
1014,HRL,2024022205001483,65,42,13.00,635.00,"8,255.00",2024-02-22
1015,HRL,2024022205001485,17,21,10.00,634.10,"6,341.00",2024-02-22
1016,HRL,2024022205001486,17,49,10.00,634.10,"6,341.00",2024-02-22
1017,HRL,2024022205001487,17,45,10.00,634.10,"6,341.00",2024-02-22
1018,HRL,2024022205001491,17,38,20.00,634.10,"12,682.00",2024-02-22
1019,HRL,2024022205001492,17,49,20.00,634.10,"12,682.00",2024-02-22
1020,HRL,2024022205001493,17,48,370.00,634.10,"234,617.00",2024-02-22
1021,HRL,2024022205001494,6,48,50.00,634.10,"31,705.00",2024-02-22
1022,HRL,2024022205001495,62,58,10.00,634.00,"6,340.00",2024-02-22
1023,HRL,2024022205001496,62,38,20.00,634.00,"12,680.00",2024-02-22
1024,HRL,2024022205001498,62,50,40.00,634.00,"25,360.00",2024-02-22
1025,HRL,2024022205001499,62,56,30.00,634.00,"19,020.00",2024-02-22
1026,HRL,2024022205001500,62,49,20.00,634.00,"12,680.00",2024-02-22
1027,HRL,2024022205001501,62,48,10.00,634.00,"6,340.00",2024-02-22
1028,HRL,2024022205001502,38,13,20.00,634.10,"12,682.00",2024-02-22
1029,HRL,2024022205001503,38,8,20.00,634.10,"12,682.00",2024-02-22
1030,HRL,2024022205001506,38,49,20.00,634.10,"12,682.00",2024-02-22
1031,HRL,2024022205001507,38,58,20.00,634.10,"12,682.00",2024-02-22
1032,HRL,2024022205001508,38,38,20.00,634.10,"12,682.00",2024-02-22
1033,HRL,2024022205001509,62,8,10.00,634.00,"6,340.00",2024-02-22
1034,HRL,2024022205001512,62,77,10.00,634.00,"6,340.00",2024-02-22
1035,HRL,2024022205001513,62,50,20.00,634.00,"12,680.00",2024-02-22
1036,HRL,2024022205001523,62,19,20.00,634.00,"12,680.00",2024-02-22
1037,HRL,2024022205001524,62,38,20.00,634.00,"12,680.00",2024-02-22
1038,HRL,2024022205001525,62,44,10.00,634.00,"6,340.00",2024-02-22
1039,HRL,2024022205001526,62,50,30.00,634.00,"19,020.00",2024-02-22
1040,HRL,2024022205001527,62,38,20.00,634.00,"12,680.00",2024-02-22
1041,HRL,2024022205001528,62,49,30.00,634.00,"19,020.00",2024-02-22
1042,HRL,2024022205001529,16,38,20.00,634.10,"12,682.00",2024-02-22
1043,HRL,2024022205001530,16,49,10.00,634.10,"6,341.00",2024-02-22
1044,HRL,2024022205001533,16,39,20.00,634.10,"12,682.00",2024-02-22
1045,HRL,2024022205001535,19,39,10.00,634.10,"6,341.00",2024-02-22
1046,HRL,2024022205001537,19,38,20.00,634.10,"12,682.00",2024-02-22
1047,HRL,2024022205001538,19,50,30.00,634.10,"19,023.00",2024-02-22
1048,HRL,2024022205001539,19,42,10.00,634.10,"6,341.00",2024-02-22
1049,HRL,2024022205001542,19,19,20.00,634.10,"12,682.00",2024-02-22
1050,HRL,2024022205001543,19,38,20.00,634.10,"12,682.00",2024-02-22
1051,HRL,2024022205001545,19,50,30.00,634.10,"19,023.00",2024-02-22
1052,HRL,2024022205001546,19,87,10.00,634.10,"6,341.00",2024-02-22
1053,HRL,2024022205001547,19,58,20.00,634.10,"12,682.00",2024-02-22
1054,HRL,2024022205001548,19,58,10.00,634.10,"6,341.00",2024-02-22
1055,HRL,2024022205001552,26,46,20.00,634.20,"12,684.00",2024-02-22
1056,HRL,2024022205001553,19,49,10.00,634.10,"6,341.00",2024-02-22
1057,HRL,2024022205001558,13,49,20.00,634.20,"12,684.00",2024-02-22
1058,HRL,2024022205001559,19,49,200.00,634.10,"126,820.00",2024-02-22
1059,HRL,2024022205001560,62,49,780.00,634.00,"494,520.00",2024-02-22
1060,HRL,2024022205001566,62,13,30.00,634.00,"19,020.00",2024-02-22
1061,HRL,2024022205001567,62,49,"1,040.00",634.00,"659,360.00",2024-02-22
1062,HRL,2024022205001568,68,49,110.00,634.00,"69,740.00",2024-02-22
1063,HRL,2024022205001569,68,44,20.00,634.00,"12,680.00",2024-02-22
1064,HRL,2024022205001571,68,39,20.00,634.00,"12,680.00",2024-02-22
1065,HRL,2024022205001572,68,38,30.00,634.00,"19,020.00",2024-02-22
1066,HRL,2024022205001574,68,36,20.00,634.00,"12,680.00",2024-02-22
1067,HRL,2024022205001575,68,84,300.00,634.00,"190,200.00",2024-02-22
1068,HRL,2024022205001576,26,14,30.00,634.10,"19,023.00",2024-02-22
1069,HRL,2024022205001577,26,56,20.00,634.10,"12,682.00",2024-02-22
1070,HRL,2024022205001578,36,16,13.00,634.00,"8,242.00",2024-02-22
1071,HRL,2024022205001580,43,39,20.00,633.90,"12,678.00",2024-02-22
1072,HRL,2024022205001581,65,80,40.00,633.90,"25,356.00",2024-02-22
1073,HRL,2024022205001582,65,56,20.00,633.90,"12,678.00",2024-02-22
1074,HRL,2024022205001583,65,36,20.00,633.90,"12,678.00",2024-02-22
1075,HRL,2024022205001585,65,50,10.00,633.90,"6,339.00",2024-02-22
1076,HRL,2024022205001586,65,55,20.00,633.90,"12,678.00",2024-02-22
1077,HRL,2024022205001587,65,4,20.00,633.90,"12,678.00",2024-02-22
1078,HRL,2024022205001589,65,14,30.00,633.90,"19,017.00",2024-02-22
1079,HRL,2024022205001590,65,17,30.00,633.90,"19,017.00",2024-02-22
1080,HRL,2024022205001591,65,72,20.00,633.90,"12,678.00",2024-02-22
1081,HRL,2024022205001596,65,49,10.00,633.90,"6,339.00",2024-02-22
1082,HRL,2024022205001597,65,49,20.00,633.90,"12,678.00",2024-02-22
1083,HRL,2024022205001598,45,58,10.00,634.00,"6,340.00",2024-02-22
1084,HRL,2024022205001599,45,57,10.00,634.00,"6,340.00",2024-02-22
1085,HRL,2024022205001600,45,6,10.00,634.00,"6,340.00",2024-02-22
1086,HRL,2024022205001601,45,38,70.00,634.00,"44,380.00",2024-02-22
1087,HRL,2024022205001603,65,38,20.00,633.90,"12,678.00",2024-02-22
1088,HRL,2024022205001604,65,57,20.00,633.90,"12,678.00",2024-02-22
1089,HRL,2024022205001605,65,36,20.00,633.90,"12,678.00",2024-02-22
1090,HRL,2024022205001607,65,46,10.00,633.90,"6,339.00",2024-02-22
1091,HRL,2024022205001608,65,72,20.00,633.90,"12,678.00",2024-02-22
1092,HRL,2024022205001609,65,45,10.00,633.90,"6,339.00",2024-02-22
1093,HRL,2024022205001610,65,22,20.00,633.90,"12,678.00",2024-02-22
1094,HRL,2024022205001611,65,58,20.00,633.90,"12,678.00",2024-02-22
1095,HRL,2024022205001614,69,38,10.00,634.00,"6,340.00",2024-02-22
1096,HRL,2024022205001617,65,39,10.00,633.90,"6,339.00",2024-02-22
1097,HRL,2024022205001618,65,4,20.00,633.90,"12,678.00",2024-02-22
1098,HRL,2024022205001619,65,56,10.00,633.90,"6,339.00",2024-02-22
1099,HRL,2024022205001620,65,58,10.00,633.90,"6,339.00",2024-02-22
1100,HRL,2024022205001621,65,36,10.00,633.90,"6,339.00",2024-02-22
1101,HRL,2024022205001622,65,10,30.00,633.90,"19,017.00",2024-02-22
1102,HRL,2024022205001625,65,84,700.00,633.90,"443,730.00",2024-02-22
1103,HRL,2024022205001626,65,38,10.00,633.90,"6,339.00",2024-02-22
1104,HRL,2024022205001629,65,43,10.00,633.90,"6,339.00",2024-02-22
1105,HRL,2024022205001633,65,72,20.00,633.90,"12,678.00",2024-02-22
1106,HRL,2024022205001634,13,38,100.00,634.00,"63,400.00",2024-02-22
1107,HRL,2024022205001635,65,58,10.00,633.90,"6,339.00",2024-02-22
1108,HRL,2024022205001636,65,57,10.00,633.90,"6,339.00",2024-02-22
1109,HRL,2024022205001637,65,14,30.00,633.90,"19,017.00",2024-02-22
1110,HRL,2024022205001638,65,16,20.00,633.90,"12,678.00",2024-02-22
1111,HRL,2024022205001639,65,16,10.00,633.90,"6,339.00",2024-02-22
1112,HRL,2024022205001640,65,45,10.00,633.90,"6,339.00",2024-02-22
1113,HRL,2024022205001641,65,29,20.00,633.90,"12,678.00",2024-02-22
1114,HRL,2024022205001643,34,38,320.00,634.00,"202,880.00",2024-02-22
1115,HRL,2024022205001644,65,21,10.00,633.90,"6,339.00",2024-02-22
1116,HRL,2024022205001645,65,10,30.00,633.90,"19,017.00",2024-02-22
1117,HRL,2024022205001646,65,58,20.00,633.90,"12,678.00",2024-02-22
1118,HRL,2024022205001647,65,75,10.00,633.90,"6,339.00",2024-02-22
1119,HRL,2024022205001648,65,57,10.00,633.90,"6,339.00",2024-02-22
1120,HRL,2024022205001651,65,29,20.00,633.90,"12,678.00",2024-02-22
1121,HRL,2024022205001652,65,28,10.00,633.90,"6,339.00",2024-02-22
1122,HRL,2024022205001653,65,52,20.00,633.90,"12,678.00",2024-02-22
1123,HRL,2024022205001654,65,39,10.00,633.90,"6,339.00",2024-02-22
1124,HRL,2024022205001655,65,4,20.00,633.90,"12,678.00",2024-02-22
1125,HRL,2024022205001662,19,38,500.00,634.00,"317,000.00",2024-02-22
1126,HRL,2024022205001665,65,38,10.00,633.90,"6,339.00",2024-02-22
1127,HRL,2024022205001666,65,42,10.00,633.90,"6,339.00",2024-02-22
1128,HRL,2024022205001667,65,58,10.00,633.90,"6,339.00",2024-02-22
1129,HRL,2024022205001669,65,10,30.00,633.90,"19,017.00",2024-02-22
1130,HRL,2024022205001672,65,47,10.00,633.90,"6,339.00",2024-02-22
1131,HRL,2024022205001673,65,34,10.00,633.90,"6,339.00",2024-02-22
1132,HRL,2024022205001674,41,42,20.00,634.00,"12,680.00",2024-02-22
1133,HRL,2024022205001675,41,42,20.00,634.00,"12,680.00",2024-02-22
1134,HRL,2024022205001676,65,4,20.00,633.90,"12,678.00",2024-02-22
1135,HRL,2024022205001678,65,36,10.00,633.90,"6,339.00",2024-02-22
1136,HRL,2024022205001679,65,29,20.00,633.90,"12,678.00",2024-02-22
1137,HRL,2024022205001683,34,42,50.00,634.00,"31,700.00",2024-02-22
1138,HRL,2024022205001684,65,38,10.00,633.90,"6,339.00",2024-02-22
1139,HRL,2024022205001685,65,58,20.00,633.90,"12,678.00",2024-02-22
1140,HRL,2024022205001686,65,34,10.00,633.90,"6,339.00",2024-02-22
1141,HRL,2024022205001687,65,4,20.00,633.90,"12,678.00",2024-02-22
1142,HRL,2024022205001688,65,62,10.00,633.90,"6,339.00",2024-02-22
1143,HRL,2024022205001689,65,35,30.00,633.90,"19,017.00",2024-02-22
1144,HRL,2024022205001690,65,29,20.00,633.90,"12,678.00",2024-02-22
1145,HRL,2024022205001691,65,10,30.00,633.90,"19,017.00",2024-02-22
1146,HRL,2024022205001692,65,50,20.00,633.90,"12,678.00",2024-02-22
1147,HRL,2024022205001693,65,22,20.00,633.90,"12,678.00",2024-02-22
1148,HRL,2024022205001695,65,42,30.00,634.00,"19,020.00",2024-02-22
1149,HRL,2024022205001696,65,32,30.00,634.00,"19,020.00",2024-02-22
1150,HRL,2024022205001697,65,35,10.00,634.00,"6,340.00",2024-02-22
1151,HRL,2024022205001698,65,59,10.00,634.00,"6,340.00",2024-02-22
1152,HRL,2024022205001699,65,94,10.00,634.00,"6,340.00",2024-02-22
1153,HRL,2024022205001700,65,58,30.00,634.00,"19,020.00",2024-02-22
1154,HRL,2024022205001701,65,40,90.00,634.00,"57,060.00",2024-02-22
1155,HRL,2024022205001702,65,42,20.00,634.00,"12,680.00",2024-02-22
1156,HRL,2024022205001703,65,57,10.00,634.00,"6,340.00",2024-02-22
1157,HRL,2024022205001704,65,58,20.00,634.00,"12,680.00",2024-02-22
1158,HRL,2024022205001705,65,35,10.00,634.00,"6,340.00",2024-02-22
1159,HRL,2024022205001706,65,6,10.00,634.00,"6,340.00",2024-02-22
1160,HRL,2024022205001707,65,16,20.00,634.00,"12,680.00",2024-02-22
1161,HRL,2024022205001709,65,34,10.00,634.00,"6,340.00",2024-02-22
1162,HRL,2024022205001710,65,38,20.00,634.00,"12,680.00",2024-02-22
1163,HRL,2024022205001712,65,57,10.00,634.00,"6,340.00",2024-02-22
1164,HRL,2024022205001713,65,35,20.00,634.00,"12,680.00",2024-02-22
1165,HRL,2024022205001715,65,38,20.00,634.00,"12,680.00",2024-02-22
1166,HRL,2024022205001716,65,19,20.00,634.00,"12,680.00",2024-02-22
1167,HRL,2024022205001717,65,34,10.00,634.00,"6,340.00",2024-02-22
1168,HRL,2024022205001718,65,35,20.00,634.00,"12,680.00",2024-02-22
1169,HRL,2024022205001720,65,56,"1,000.00",634.00,"634,000.00",2024-02-22
1170,HRL,2024022205001724,65,16,20.00,634.00,"12,680.00",2024-02-22
1171,HRL,2024022205001725,65,34,10.00,634.00,"6,340.00",2024-02-22
1172,HRL,2024022205001726,65,42,100.00,634.00,"63,400.00",2024-02-22
1173,HRL,2024022205001727,65,10,30.00,634.00,"19,020.00",2024-02-22
1174,HRL,2024022205001728,65,57,30.00,634.00,"19,020.00",2024-02-22
1175,HRL,2024022205001729,65,36,10.00,634.00,"6,340.00",2024-02-22
1176,HRL,2024022205001730,65,8,265.00,634.00,"168,010.00",2024-02-22
1177,HRL,2024022205001731,65,35,20.00,634.00,"12,680.00",2024-02-22
1178,HRL,2024022205001735,65,21,20.00,634.00,"12,680.00",2024-02-22
1179,HRL,2024022205001736,65,4,30.00,634.00,"19,020.00",2024-02-22
1180,HRL,2024022205001737,65,34,10.00,634.00,"6,340.00",2024-02-22
1181,HRL,2024022205001738,53,32,4.00,621.60,"2,486.40",2024-02-22
1182,HRL,2024022205001739,65,45,20.00,634.00,"12,680.00",2024-02-22
1183,HRL,2024022205001740,65,36,5.00,634.00,"3,170.00",2024-02-22
1184,HRL,2024022205001741,65,34,10.00,633.90,"6,339.00",2024-02-22
1185,HRL,2024022205001742,65,35,20.00,633.90,"12,678.00",2024-02-22
1186,HRL,2024022205001743,65,34,10.00,633.90,"6,339.00",2024-02-22
1187,HRL,2024022205001744,65,6,20.00,633.90,"12,678.00",2024-02-22
1188,HRL,2024022205001745,65,10,10.00,633.90,"6,339.00",2024-02-22
1189,HRL,2024022205001746,65,42,10.00,633.90,"6,339.00",2024-02-22
1190,HRL,2024022205001747,65,38,30.00,633.90,"19,017.00",2024-02-22
1191,HRL,2024022205001748,65,58,10.00,633.90,"6,339.00",2024-02-22
1192,HRL,2024022205001749,65,5,30.00,633.90,"19,017.00",2024-02-22
1193,HRL,2024022205001751,65,35,20.00,633.90,"12,678.00",2024-02-22
1194,HRL,2024022205001752,45,58,10.00,634.00,"6,340.00",2024-02-22
1195,HRL,2024022205001753,65,19,20.00,633.90,"12,678.00",2024-02-22
1196,HRL,2024022205001754,65,34,10.00,633.90,"6,339.00",2024-02-22
1197,HRL,2024022205001757,62,21,20.00,634.00,"12,680.00",2024-02-22
1198,HRL,2024022205001758,62,58,10.00,634.00,"6,340.00",2024-02-22
1199,HRL,2024022205001759,62,45,10.00,634.00,"6,340.00",2024-02-22
1200,HRL,2024022205001760,62,41,20.00,634.00,"12,680.00",2024-02-22
1201,HRL,2024022205001761,62,58,20.00,634.00,"12,680.00",2024-02-22
1202,HRL,2024022205001762,62,21,20.00,634.00,"12,680.00",2024-02-22
1203,HRL,2024022205001763,62,58,20.00,634.00,"12,680.00",2024-02-22
1204,HRL,2024022205001764,62,34,10.00,634.00,"6,340.00",2024-02-22
1205,HRL,2024022205001765,62,52,30.00,634.00,"19,020.00",2024-02-22
1206,HRL,2024022205001766,62,58,10.00,634.00,"6,340.00",2024-02-22
1207,HRL,2024022205001767,62,40,40.00,634.00,"25,360.00",2024-02-22
1208,HRL,2024022205001768,62,35,20.00,634.00,"12,680.00",2024-02-22
1209,HRL,2024022205001769,62,10,30.00,634.00,"19,020.00",2024-02-22
1210,HRL,2024022205001770,62,58,20.00,634.00,"12,680.00",2024-02-22
1211,HRL,2024022205001771,62,57,20.00,634.00,"12,680.00",2024-02-22
1212,HRL,2024022205001772,62,16,20.00,634.00,"12,680.00",2024-02-22
1213,HRL,2024022205001773,62,19,20.00,634.00,"12,680.00",2024-02-22
1214,HRL,2024022205001774,62,49,10.00,634.00,"6,340.00",2024-02-22
1215,HRL,2024022205001776,33,56,10.00,634.10,"6,341.00",2024-02-22
1216,HRL,2024022205001777,33,58,10.00,634.10,"6,341.00",2024-02-22
1217,HRL,2024022205001778,33,58,80.00,634.10,"50,728.00",2024-02-22
1218,HRL,2024022205001779,69,7,20.00,634.50,"12,690.00",2024-02-22
1219,HRL,2024022205001780,69,42,10.00,635.00,"6,350.00",2024-02-22
1220,HRL,2024022205001781,32,42,7.00,635.00,"4,445.00",2024-02-22
1221,HRL,2024022205001782,62,36,10.00,634.00,"6,340.00",2024-02-22
1222,HRL,2024022205001783,62,56,20.00,634.00,"12,680.00",2024-02-22
1223,HRL,2024022205001784,62,21,20.00,634.00,"12,680.00",2024-02-22
1224,HRL,2024022205001786,62,58,20.00,634.00,"12,680.00",2024-02-22
1225,HRL,2024022205001787,62,57,20.00,634.00,"12,680.00",2024-02-22
1226,HRL,2024022205001788,62,48,30.00,634.00,"19,020.00",2024-02-22
1227,HRL,2024022205001789,62,22,10.00,634.00,"6,340.00",2024-02-22
1228,HRL,2024022205001790,62,62,10.00,634.00,"6,340.00",2024-02-22
1229,HRL,2024022205001791,62,38,10.00,634.00,"6,340.00",2024-02-22
1230,HRL,2024022205001792,69,38,10.00,635.00,"6,350.00",2024-02-22
1231,HRL,2024022205001793,33,4,10.00,634.10,"6,341.00",2024-02-22
1232,HRL,2024022205001794,33,57,10.00,634.10,"6,341.00",2024-02-22
1233,HRL,2024022205001795,33,10,30.00,634.10,"19,023.00",2024-02-22
1234,HRL,2024022205001796,33,58,30.00,634.10,"19,023.00",2024-02-22
1235,HRL,2024022205001797,69,38,10.00,635.00,"6,350.00",2024-02-22
1236,HRL,2024022205001798,33,48,10.00,634.10,"6,341.00",2024-02-22
1237,HRL,2024022205001801,33,47,10.00,634.10,"6,341.00",2024-02-22
1238,HRL,2024022205001802,26,35,20.00,634.10,"12,682.00",2024-02-22
1239,HRL,2024022205001807,26,58,10.00,634.10,"6,341.00",2024-02-22
1240,HRL,2024022205001808,26,19,20.00,634.10,"12,682.00",2024-02-22
1241,HRL,2024022205001809,26,35,10.00,634.10,"6,341.00",2024-02-22
1242,HRL,2024022205001810,26,57,20.00,634.10,"12,682.00",2024-02-22
1243,HRL,2024022205001811,26,77,20.00,634.10,"12,682.00",2024-02-22
1244,HRL,2024022205001812,62,16,20.00,634.00,"12,680.00",2024-02-22
1245,HRL,2024022205001813,62,16,20.00,634.00,"12,680.00",2024-02-22
1246,HRL,2024022205001814,62,58,10.00,634.00,"6,340.00",2024-02-22
1247,HRL,2024022205001815,62,48,10.00,634.00,"6,340.00",2024-02-22
1248,HRL,2024022205001816,62,48,30.00,634.00,"19,020.00",2024-02-22
1249,HRL,2024022205001817,62,51,10.00,634.00,"6,340.00",2024-02-22
1250,HRL,2024022205001818,62,56,"1,900.00",634.00,"1,204,600.00",2024-02-22
1251,HRL,2024022205001819,16,56,100.00,634.00,"63,400.00",2024-02-22
1252,HRL,2024022205001820,16,35,10.00,634.90,"6,349.00",2024-02-22
1253,HRL,2024022205001822,65,57,20.00,633.90,"12,678.00",2024-02-22
1254,HRL,2024022205001823,65,10,10.00,633.90,"6,339.00",2024-02-22
1255,HRL,2024022205001824,65,48,20.00,633.90,"12,678.00",2024-02-22
1256,HRL,2024022205001825,58,25,200.00,634.00,"126,800.00",2024-02-22
1257,HRL,2024022205001826,65,16,20.00,633.90,"12,678.00",2024-02-22
1258,HRL,2024022205001828,65,16,10.00,633.90,"6,339.00",2024-02-22
1259,HRL,2024022205001829,43,25,20.00,634.00,"12,680.00",2024-02-22
1260,HRL,2024022205001830,43,32,30.00,634.00,"19,020.00",2024-02-22
1261,HRL,2024022205001831,43,35,10.00,634.00,"6,340.00",2024-02-22
1262,HRL,2024022205001832,43,35,20.00,634.00,"12,680.00",2024-02-22
1263,HRL,2024022205001833,43,50,20.00,634.00,"12,680.00",2024-02-22
1264,HRL,2024022205001834,16,42,10.00,634.00,"6,340.00",2024-02-22
1265,HRL,2024022205001835,65,57,20.00,633.90,"12,678.00",2024-02-22
1266,HRL,2024022205001836,65,52,30.00,633.90,"19,017.00",2024-02-22
1267,HRL,2024022205001839,65,45,10.00,633.90,"6,339.00",2024-02-22
1268,HRL,2024022205001840,65,52,30.00,633.90,"19,017.00",2024-02-22
1269,HRL,2024022205001845,65,42,20.00,633.90,"12,678.00",2024-02-22
1270,HRL,2024022205001846,65,19,20.00,633.90,"12,678.00",2024-02-22
1271,HRL,2024022205001847,65,57,20.00,633.90,"12,678.00",2024-02-22
1272,HRL,2024022205001848,65,46,10.00,633.90,"6,339.00",2024-02-22
1273,HRL,2024022205001849,65,38,10.00,633.90,"6,339.00",2024-02-22
1274,HRL,2024022205001850,65,35,10.00,634.00,"6,340.00",2024-02-22
1275,HRL,2024022205001852,65,45,10.00,633.90,"6,339.00",2024-02-22
1276,HRL,2024022205001853,65,52,30.00,633.90,"19,017.00",2024-02-22
1277,HRL,2024022205001854,65,57,20.00,633.90,"12,678.00",2024-02-22
1278,HRL,2024022205001855,65,16,20.00,633.90,"12,678.00",2024-02-22
1279,HRL,2024022205001856,34,58,10.00,634.00,"6,340.00",2024-02-22
1280,HRL,2024022205001857,34,58,10.00,634.50,"6,345.00",2024-02-22
1281,HRL,2024022205001858,34,52,30.00,634.50,"19,035.00",2024-02-22
1282,HRL,2024022205001859,56,57,30.00,634.90,"19,047.00",2024-02-22
1283,HRL,2024022205001860,56,42,100.00,634.90,"63,490.00",2024-02-22
1284,HRL,2024022205001861,56,42,10.00,635.00,"6,350.00",2024-02-22
1285,HRL,2024022205001862,56,49,10.00,635.00,"6,350.00",2024-02-22
1286,HRL,2024022205001863,56,3,10.00,635.00,"6,350.00",2024-02-22
1287,HRL,2024022205001864,56,35,40.00,635.00,"25,400.00",2024-02-22
1288,HRL,2024022205001865,34,39,20.00,634.50,"12,690.00",2024-02-22
1289,HRL,2024022205001866,34,57,20.00,634.50,"12,690.00",2024-02-22
1290,HRL,2024022205001867,34,52,20.00,634.50,"12,690.00",2024-02-22
1291,HRL,2024022205001869,34,4,20.00,634.50,"12,690.00",2024-02-22
1292,HRL,2024022205001870,34,52,30.00,634.50,"19,035.00",2024-02-22
1293,HRL,2024022205001872,34,57,10.00,634.50,"6,345.00",2024-02-22
1294,HRL,2024022205001873,34,58,20.00,634.50,"12,690.00",2024-02-22
1295,HRL,2024022205001874,34,56,10.00,634.50,"6,345.00",2024-02-22
1296,HRL,2024022205001875,65,35,10.00,633.90,"6,339.00",2024-02-22
1297,HRL,2024022205001877,65,36,10.00,633.90,"6,339.00",2024-02-22
1298,HRL,2024022205001879,65,52,30.00,633.90,"19,017.00",2024-02-22
1299,HRL,2024022205001880,65,49,16.00,634.00,"10,144.00",2024-02-22
1300,HRL,2024022205001881,65,84,500.00,633.90,"316,950.00",2024-02-22
1301,HRL,2024022205001883,65,58,20.00,633.90,"12,678.00",2024-02-22
1302,HRL,2024022205001884,65,51,10.00,633.90,"6,339.00",2024-02-22
1303,HRL,2024022205001885,65,25,10.00,633.90,"6,339.00",2024-02-22
1304,HRL,2024022205001887,65,36,10.00,633.90,"6,339.00",2024-02-22
1305,HRL,2024022205001888,91,56,190.00,634.50,"120,555.00",2024-02-22
1306,HRL,2024022205001889,91,44,10.00,634.50,"6,345.00",2024-02-22
1307,HRL,2024022205001891,65,45,20.00,633.90,"12,678.00",2024-02-22
1308,HRL,2024022205001893,65,52,30.00,633.90,"19,017.00",2024-02-22
1309,HRL,2024022205001894,65,18,20.00,633.90,"12,678.00",2024-02-22
1310,HRL,2024022205001895,29,57,10.00,633.70,"6,337.00",2024-02-22
1311,HRL,2024022205001896,34,57,10.00,633.60,"6,336.00",2024-02-22
1312,HRL,2024022205001899,65,56,10.00,633.90,"6,339.00",2024-02-22
1313,HRL,2024022205001900,34,56,10.00,633.90,"6,339.00",2024-02-22
1314,HRL,2024022205001901,34,41,10.00,634.00,"6,340.00",2024-02-22
1315,HRL,2024022205001902,34,55,30.00,634.00,"19,020.00",2024-02-22
1316,HRL,2024022205001903,34,6,10.00,634.50,"6,345.00",2024-02-22
1317,HRL,2024022205001904,34,58,20.00,634.50,"12,690.00",2024-02-22
1318,HRL,2024022205001905,34,56,140.00,634.50,"88,830.00",2024-02-22
1319,HRL,2024022205001906,34,58,10.00,634.90,"6,349.00",2024-02-22
1320,HRL,2024022205001907,34,6,10.00,634.90,"6,349.00",2024-02-22
1321,HRL,2024022205001908,34,35,185.00,635.00,"117,475.00",2024-02-22
1322,HRL,2024022205001909,34,52,30.00,633.60,"19,008.00",2024-02-22
1323,HRL,2024022205001917,34,34,10.00,633.60,"6,336.00",2024-02-22
1324,HRL,2024022205001918,34,42,10.00,633.60,"6,336.00",2024-02-22
1325,HRL,2024022205001919,35,48,20.00,634.00,"12,680.00",2024-02-22
1326,HRL,2024022205001922,35,4,25.00,634.00,"15,850.00",2024-02-22
1327,HRL,2024022205001924,35,58,10.00,634.00,"6,340.00",2024-02-22
1328,HRL,2024022205001925,35,57,20.00,634.00,"12,680.00",2024-02-22
1329,HRL,2024022205001926,35,35,10.00,634.00,"6,340.00",2024-02-22
1330,HRL,2024022205001927,35,52,15.00,634.00,"9,510.00",2024-02-22
1331,HRL,2024022205001928,45,52,15.00,634.00,"9,510.00",2024-02-22
1332,HRL,2024022205001929,45,50,20.00,634.00,"12,680.00",2024-02-22
1333,HRL,2024022205001930,45,65,10.00,634.00,"6,340.00",2024-02-22
1334,HRL,2024022205001931,45,13,10.00,634.00,"6,340.00",2024-02-22
1335,HRL,2024022205001932,45,36,10.00,634.00,"6,340.00",2024-02-22
1336,HRL,2024022205001933,45,17,20.00,634.00,"12,680.00",2024-02-22
1337,HRL,2024022205001942,45,11,10.00,634.00,"6,340.00",2024-02-22
1338,HRL,2024022205001943,45,64,10.00,634.00,"6,340.00",2024-02-22
1339,HRL,2024022205001944,45,38,10.00,634.00,"6,340.00",2024-02-22
1340,HRL,2024022205001945,45,41,10.00,634.00,"6,340.00",2024-02-22
1341,HRL,2024022205001946,45,57,20.00,634.00,"12,680.00",2024-02-22
1342,HRL,2024022205001948,45,5,80.00,634.00,"50,720.00",2024-02-22
1343,HRL,2024022205001949,47,58,10.00,634.10,"6,341.00",2024-02-22
1344,HRL,2024022205001955,47,58,20.00,634.10,"12,682.00",2024-02-22
1345,HRL,2024022205001957,47,42,10.00,634.10,"6,341.00",2024-02-22
1346,HRL,2024022205001958,47,40,40.00,634.10,"25,364.00",2024-02-22
1347,HRL,2024022205001959,47,11,10.00,634.10,"6,341.00",2024-02-22
1348,HRL,2024022205001962,47,34,10.00,634.10,"6,341.00",2024-02-22
1349,HRL,2024022205001970,45,11,10.00,634.00,"6,340.00",2024-02-22
1350,HRL,2024022205001971,29,45,20.00,634.00,"12,680.00",2024-02-22
1351,HRL,2024022205001973,29,57,10.00,634.00,"6,340.00",2024-02-22
1352,HRL,2024022205001975,29,58,10.00,634.00,"6,340.00",2024-02-22
1353,HRL,2024022205001976,38,14,10.00,633.70,"6,337.00",2024-02-22
1354,HRL,2024022205001977,38,50,20.00,633.70,"12,674.00",2024-02-22
1355,HRL,2024022205001978,38,45,20.00,633.70,"12,674.00",2024-02-22
1356,HRL,2024022205001980,38,61,20.00,633.70,"12,674.00",2024-02-22
1357,HRL,2024022205001981,38,45,10.00,633.70,"6,337.00",2024-02-22
1358,HRL,2024022205001982,38,35,10.00,633.70,"6,337.00",2024-02-22
1359,HRL,2024022205001983,38,35,10.00,633.70,"6,337.00",2024-02-22
1360,HRL,2024022205001984,38,28,30.00,633.70,"19,011.00",2024-02-22
1361,HRL,2024022205001986,38,45,20.00,633.70,"12,674.00",2024-02-22
1362,HRL,2024022205001987,38,49,10.00,633.70,"6,337.00",2024-02-22
1363,HRL,2024022205001988,38,38,10.00,633.70,"6,337.00",2024-02-22
1364,HRL,2024022205001989,38,26,20.00,633.70,"12,674.00",2024-02-22
1365,HRL,2024022205001990,38,14,10.00,633.70,"6,337.00",2024-02-22
1366,HRL,2024022205001993,34,45,10.00,633.60,"6,336.00",2024-02-22
1367,HRL,2024022205001994,4,45,10.00,633.60,"6,336.00",2024-02-22
1368,HRL,2024022205001995,4,39,20.00,633.60,"12,672.00",2024-02-22
1369,HRL,2024022205001996,34,58,10.00,634.00,"6,340.00",2024-02-22
1370,HRL,2024022205001997,34,11,10.00,634.00,"6,340.00",2024-02-22
1371,HRL,2024022205001998,34,57,10.00,634.00,"6,340.00",2024-02-22
1372,HRL,2024022205001999,34,16,10.00,634.00,"6,340.00",2024-02-22
1373,HRL,2024022205002000,34,41,10.00,634.00,"6,340.00",2024-02-22
1374,HRL,2024022205002001,34,11,10.00,634.00,"6,340.00",2024-02-22
1375,HRL,2024022205002002,34,62,10.00,634.00,"6,340.00",2024-02-22
1376,HRL,2024022205002003,34,39,10.00,634.00,"6,340.00",2024-02-22
1377,HRL,2024022205002004,34,58,20.00,634.00,"12,680.00",2024-02-22
1378,HRL,2024022205002005,4,34,10.00,633.60,"6,336.00",2024-02-22
1379,HRL,2024022205002006,4,56,20.00,633.60,"12,672.00",2024-02-22
1380,HRL,2024022205002007,4,42,10.00,633.60,"6,336.00",2024-02-22
1381,HRL,2024022205002008,4,42,10.00,633.60,"6,336.00",2024-02-22
1382,HRL,2024022205002009,4,4,10.00,633.60,"6,336.00",2024-02-22
1383,HRL,2024022205002010,4,42,410.00,633.60,"259,776.00",2024-02-22
1384,HRL,2024022205002011,4,42,500.00,633.60,"316,800.00",2024-02-22
1385,HRL,2024022205002012,56,42,80.00,633.50,"50,680.00",2024-02-22
1386,HRL,2024022205002014,56,8,10.00,633.50,"6,335.00",2024-02-22
1387,HRL,2024022205002015,56,52,20.00,633.50,"12,670.00",2024-02-22
1388,HRL,2024022205002016,56,74,30.00,633.50,"19,005.00",2024-02-22
1389,HRL,2024022205002018,56,45,20.00,633.50,"12,670.00",2024-02-22
1390,HRL,2024022205002019,56,45,10.00,633.50,"6,335.00",2024-02-22
1391,HRL,2024022205002020,56,49,20.00,633.50,"12,670.00",2024-02-22
1392,HRL,2024022205002021,56,48,20.00,633.50,"12,670.00",2024-02-22
1393,HRL,2024022205002022,56,58,10.00,633.50,"6,335.00",2024-02-22
1394,HRL,2024022205002023,66,11,10.00,633.60,"6,336.00",2024-02-22
1395,HRL,2024022205002024,56,36,20.00,633.50,"12,670.00",2024-02-22
1396,HRL,2024022205002025,56,45,20.00,633.50,"12,670.00",2024-02-22
1397,HRL,2024022205002026,56,46,20.00,633.50,"12,670.00",2024-02-22
1398,HRL,2024022205002027,56,48,20.00,633.50,"12,670.00",2024-02-22
1399,HRL,2024022205002029,56,38,30.00,633.50,"19,005.00",2024-02-22
1400,HRL,2024022205002030,56,49,10.00,633.50,"6,335.00",2024-02-22
1401,HRL,2024022205002031,56,48,20.00,633.50,"12,670.00",2024-02-22
1402,HRL,2024022205002032,56,3,20.00,633.50,"12,670.00",2024-02-22
1403,HRL,2024022205002033,56,45,20.00,633.50,"12,670.00",2024-02-22
1404,HRL,2024022205002034,56,16,10.00,633.50,"6,335.00",2024-02-22
1405,HRL,2024022205002036,45,11,10.00,633.60,"6,336.00",2024-02-22
1406,HRL,2024022205002037,45,45,20.00,633.60,"12,672.00",2024-02-22
1407,HRL,2024022205002038,56,38,10.00,633.50,"6,335.00",2024-02-22
1408,HRL,2024022205002039,56,48,20.00,633.50,"12,670.00",2024-02-22
1409,HRL,2024022205002041,56,35,10.00,633.50,"6,335.00",2024-02-22
1410,HRL,2024022205002045,56,48,20.00,633.50,"12,670.00",2024-02-22
1411,HRL,2024022205002046,56,45,20.00,633.50,"12,670.00",2024-02-22
1412,HRL,2024022205002047,56,58,30.00,633.50,"19,005.00",2024-02-22
1413,HRL,2024022205002048,56,58,20.00,633.50,"12,670.00",2024-02-22
1414,HRL,2024022205002049,56,55,10.00,633.50,"6,335.00",2024-02-22
1415,HRL,2024022205002050,56,76,10.00,634.00,"6,340.00",2024-02-22
1416,HRL,2024022205002051,56,49,10.00,634.00,"6,340.00",2024-02-22
1417,HRL,2024022205002052,56,36,10.00,634.00,"6,340.00",2024-02-22
1418,HRL,2024022205002053,17,42,10.00,634.00,"6,340.00",2024-02-22
1419,HRL,2024022205002054,17,49,300.00,634.00,"190,200.00",2024-02-22
1420,HRL,2024022205002055,17,11,20.00,634.00,"12,680.00",2024-02-22
1421,HRL,2024022205002056,17,39,20.00,634.00,"12,680.00",2024-02-22
1422,HRL,2024022205002057,17,14,20.00,634.00,"12,680.00",2024-02-22
1423,HRL,2024022205002058,17,39,10.00,634.00,"6,340.00",2024-02-22
1424,HRL,2024022205002059,17,41,20.00,634.00,"12,680.00",2024-02-22
1425,HRL,2024022205002060,17,8,10.00,634.00,"6,340.00",2024-02-22
1426,HRL,2024022205002061,17,54,20.00,634.00,"12,680.00",2024-02-22
1427,HRL,2024022205002062,17,48,20.00,634.00,"12,680.00",2024-02-22
1428,HRL,2024022205002064,17,26,50.00,634.00,"31,700.00",2024-02-22
1429,HRL,2024022205002065,56,26,70.00,633.50,"44,345.00",2024-02-22
1430,HRL,2024022205002066,56,34,20.00,633.50,"12,670.00",2024-02-22
1431,HRL,2024022205002068,56,58,20.00,633.50,"12,670.00",2024-02-22
1432,HRL,2024022205002069,56,34,20.00,633.50,"12,670.00",2024-02-22
1433,HRL,2024022205002070,56,21,10.00,633.50,"6,335.00",2024-02-22
1434,HRL,2024022205002071,56,45,20.00,633.50,"12,670.00",2024-02-22
1435,HRL,2024022205002072,56,48,20.00,633.50,"12,670.00",2024-02-22
1436,HRL,2024022205002073,56,58,10.00,633.50,"6,335.00",2024-02-22
1437,HRL,2024022205002075,56,8,110.00,633.50,"69,685.00",2024-02-22
1438,HRL,2024022205002076,33,8,200.00,633.40,"126,680.00",2024-02-22
1439,HRL,2024022205002077,4,8,96.00,633.40,"60,806.40",2024-02-22
1440,HRL,2024022205002078,4,34,20.00,633.40,"12,668.00",2024-02-22
1441,HRL,2024022205002088,4,45,20.00,633.40,"12,668.00",2024-02-22
1442,HRL,2024022205002090,4,49,20.00,633.40,"12,668.00",2024-02-22
1443,HRL,2024022205002091,4,34,20.00,633.40,"12,668.00",2024-02-22
1444,HRL,2024022205002104,4,38,10.00,633.40,"6,334.00",2024-02-22
1445,HRL,2024022205002105,44,45,20.00,634.00,"12,680.00",2024-02-22
1446,HRL,2024022205002106,44,49,10.00,634.00,"6,340.00",2024-02-22
1447,HRL,2024022205002107,44,44,70.00,634.00,"44,380.00",2024-02-22
1448,HRL,2024022205002108,33,34,20.00,633.50,"12,670.00",2024-02-22
1449,HRL,2024022205002110,33,38,10.00,633.50,"6,335.00",2024-02-22
1450,HRL,2024022205002116,33,48,20.00,633.50,"12,670.00",2024-02-22
1451,HRL,2024022205002117,33,45,20.00,633.50,"12,670.00",2024-02-22
1452,HRL,2024022205002118,33,16,20.00,633.50,"12,670.00",2024-02-22
1453,HRL,2024022205002119,33,21,10.00,633.50,"6,335.00",2024-02-22
1454,HRL,2024022205002120,4,58,20.00,633.40,"12,668.00",2024-02-22
1455,HRL,2024022205002136,4,46,10.00,633.40,"6,334.00",2024-02-22
1456,HRL,2024022205002139,4,45,20.00,633.40,"12,668.00",2024-02-22
1457,HRL,2024022205002140,4,13,20.00,633.40,"12,668.00",2024-02-22
1458,HRL,2024022205002141,4,58,10.00,633.40,"6,334.00",2024-02-22
1459,HRL,2024022205002142,35,35,10.00,633.50,"6,335.00",2024-02-22
1460,HRL,2024022205002143,35,58,20.00,633.50,"12,670.00",2024-02-22
1461,HRL,2024022205002144,35,50,20.00,634.00,"12,680.00",2024-02-22
1462,HRL,2024022205002145,35,21,20.00,634.00,"12,680.00",2024-02-22
1463,HRL,2024022205002146,35,38,10.00,634.00,"6,340.00",2024-02-22
1464,HRL,2024022205002147,35,41,10.00,634.00,"6,340.00",2024-02-22
1465,HRL,2024022205002148,35,58,10.00,634.00,"6,340.00",2024-02-22
1466,HRL,2024022205002149,4,48,20.00,633.40,"12,668.00",2024-02-22
1467,HRL,2024022205002150,4,45,20.00,633.40,"12,668.00",2024-02-22
1468,HRL,2024022205002151,4,8,10.00,633.40,"6,334.00",2024-02-22
1469,HRL,2024022205002152,4,57,10.00,633.40,"6,334.00",2024-02-22
1470,HRL,2024022205002153,4,43,20.00,633.40,"12,668.00",2024-02-22
1471,HRL,2024022205002155,4,38,10.00,633.40,"6,334.00",2024-02-22
1472,HRL,2024022205002156,4,52,10.00,633.40,"6,334.00",2024-02-22
1473,HRL,2024022205002157,4,47,20.00,633.40,"12,668.00",2024-02-22
1474,HRL,2024022205002158,4,8,10.00,633.40,"6,334.00",2024-02-22
1475,HRL,2024022205002159,4,45,20.00,633.40,"12,668.00",2024-02-22
1476,HRL,2024022205002168,4,49,20.00,633.40,"12,668.00",2024-02-22
1477,HRL,2024022205002169,4,42,10.00,633.40,"6,334.00",2024-02-22
1478,HRL,2024022205002170,4,47,20.00,633.40,"12,668.00",2024-02-22
1479,HRL,2024022205002175,4,47,20.00,633.40,"12,668.00",2024-02-22
1480,HRL,2024022205002176,4,16,14.00,633.40,"8,867.60",2024-02-22
1481,HRL,2024022205002177,26,16,16.00,633.40,"10,134.40",2024-02-22
1482,HRL,2024022205002178,26,49,10.00,633.40,"6,334.00",2024-02-22
1483,HRL,2024022205002180,59,45,10.00,633.50,"6,335.00",2024-02-22
1484,HRL,2024022205002181,26,47,20.00,633.40,"12,668.00",2024-02-22
1485,HRL,2024022205002183,33,35,20.00,633.40,"12,668.00",2024-02-22
1486,HRL,2024022205002186,33,29,10.00,633.40,"6,334.00",2024-02-22
1487,HRL,2024022205002187,33,45,20.00,633.40,"12,668.00",2024-02-22
1488,HRL,2024022205002188,33,32,20.00,633.40,"12,668.00",2024-02-22
1489,HRL,2024022205002189,33,11,20.00,633.40,"12,668.00",2024-02-22
1490,HRL,2024022205002190,33,49,10.00,633.40,"6,334.00",2024-02-22
1491,HRL,2024022205002191,25,45,20.00,633.30,"12,666.00",2024-02-22
1492,HRL,2024022205002197,25,45,20.00,633.30,"12,666.00",2024-02-22
1493,HRL,2024022205002198,25,45,10.00,633.30,"6,333.00",2024-02-22
1494,HRL,2024022205002200,25,55,20.00,633.30,"12,666.00",2024-02-22
1495,HRL,2024022205002201,25,49,10.00,633.30,"6,333.00",2024-02-22
