SN,Symbol,Transaction No.,Buyer Broker,Seller Broker,Share Quantity,Rate(Rs),Amount(Rs),Traded Date
1,HRL,2024040405000002,7,49,10.00,595.00,"5,950.00",2024-04-04
2,HRL,2024040405000003,7,49,10.00,595.00,"5,950.00",2024-04-04
3,HRL,2024040405000008,22,4,10.00,596.00,"5,960.00",2024-04-04
4,HRL,2024040405000009,22,58,10.00,596.00,"5,960.00",2024-04-04
5,HRL,2024040405000010,49,42,10.00,593.30,"5,933.00",2024-04-04
6,HRL,2024040405000011,14,29,20.00,593.20,"11,864.00",2024-04-04
7,HRL,2024040405000014,22,28,10.00,593.30,"5,933.00",2024-04-04
8,HRL,2024040405000015,14,33,10.00,593.20,"5,932.00",2024-04-04
9,HRL,2024040405000017,14,47,10.00,593.20,"5,932.00",2024-04-04
10,HRL,2024040405000018,14,59,10.00,593.20,"5,932.00",2024-04-04
11,HRL,2024040405000019,14,41,20.00,593.20,"11,864.00",2024-04-04
12,HRL,2024040405000020,33,51,10.00,594.00,"5,940.00",2024-04-04
13,HRL,2024040405000021,14,38,10.00,593.20,"5,932.00",2024-04-04
14,HRL,2024040405000022,14,25,10.00,593.20,"5,932.00",2024-04-04
15,HRL,2024040405000024,22,58,10.00,593.30,"5,933.00",2024-04-04
16,HRL,2024040405000025,22,58,10.00,593.30,"5,933.00",2024-04-04
17,HRL,2024040405000026,14,58,10.00,593.40,"5,934.00",2024-04-04
18,HRL,2024040405000029,14,17,30.00,593.40,"17,802.00",2024-04-04
19,HRL,2024040405000030,14,38,10.00,593.40,"5,934.00",2024-04-04
20,HRL,2024040405000031,56,38,20.00,594.00,"11,880.00",2024-04-04
21,HRL,2024040405000037,1,49,11.00,595.00,"6,545.00",2024-04-04
22,HRL,2024040405000042,14,58,10.00,593.60,"5,936.00",2024-04-04
23,HRL,2024040405000045,14,17,10.00,593.60,"5,936.00",2024-04-04
24,HRL,2024040405000046,50,17,10.00,593.50,"5,935.00",2024-04-04
25,HRL,2024040405000047,50,17,30.00,593.50,"17,805.00",2024-04-04
26,HRL,2024040405000050,50,57,10.00,593.50,"5,935.00",2024-04-04
27,HRL,2024040405000053,22,36,10.00,593.30,"5,933.00",2024-04-04
28,HRL,2024040405000060,22,51,10.00,593.30,"5,933.00",2024-04-04
29,HRL,2024040405000061,22,58,10.00,593.30,"5,933.00",2024-04-04
30,HRL,2024040405000062,22,58,10.00,593.30,"5,933.00",2024-04-04
31,HRL,2024040405000064,77,58,10.00,593.60,"5,936.00",2024-04-04
32,HRL,2024040405000065,77,58,10.00,594.00,"5,940.00",2024-04-04
33,HRL,2024040405000066,77,4,10.00,594.00,"5,940.00",2024-04-04
34,HRL,2024040405000067,77,58,10.00,594.00,"5,940.00",2024-04-04
35,HRL,2024040405000068,77,58,20.00,594.00,"11,880.00",2024-04-04
36,HRL,2024040405000069,77,58,10.00,594.00,"5,940.00",2024-04-04
37,HRL,2024040405000070,77,57,10.00,594.00,"5,940.00",2024-04-04
38,HRL,2024040405000071,77,1,10.00,594.00,"5,940.00",2024-04-04
39,HRL,2024040405000073,39,41,10.00,595.00,"5,950.00",2024-04-04
40,HRL,2024040405000074,39,58,10.00,595.00,"5,950.00",2024-04-04
41,HRL,2024040405000075,39,45,10.00,595.00,"5,950.00",2024-04-04
42,HRL,2024040405000076,39,49,10.00,595.00,"5,950.00",2024-04-04
43,HRL,2024040405000078,77,41,10.00,594.00,"5,940.00",2024-04-04
44,HRL,2024040405000079,22,38,10.00,593.30,"5,933.00",2024-04-04
45,HRL,2024040405000082,22,41,10.00,593.30,"5,933.00",2024-04-04
46,HRL,2024040405000083,22,47,10.00,593.30,"5,933.00",2024-04-04
47,HRL,2024040405000088,22,32,10.00,593.30,"5,933.00",2024-04-04
48,HRL,2024040405000089,41,32,100.00,593.20,"59,320.00",2024-04-04
49,HRL,2024040405000090,56,32,40.00,593.20,"23,728.00",2024-04-04
50,HRL,2024040405000091,38,32,700.00,593.20,"415,240.00",2024-04-04
51,HRL,2024040405000092,55,32,"1,150.00",593.10,"682,065.00",2024-04-04
52,HRL,2024040405000098,74,58,10.00,593.20,"5,932.00",2024-04-04
53,HRL,2024040405000100,55,26,10.00,593.10,"5,931.00",2024-04-04
54,HRL,2024040405000101,55,32,840.00,593.10,"498,204.00",2024-04-04
55,HRL,2024040405000102,6,32,10.00,593.00,"5,930.00",2024-04-04
56,HRL,2024040405000104,38,1,10.00,593.20,"5,932.00",2024-04-04
57,HRL,2024040405000105,38,75,10.00,593.20,"5,932.00",2024-04-04
58,HRL,2024040405000106,65,49,10.00,593.30,"5,933.00",2024-04-04
59,HRL,2024040405000107,65,52,10.00,593.90,"5,939.00",2024-04-04
60,HRL,2024040405000115,36,58,10.00,593.30,"5,933.00",2024-04-04
61,HRL,2024040405000122,36,59,10.00,593.30,"5,933.00",2024-04-04
62,HRL,2024040405000123,36,41,10.00,593.30,"5,933.00",2024-04-04
63,HRL,2024040405000126,36,47,10.00,593.30,"5,933.00",2024-04-04
64,HRL,2024040405000127,36,57,10.00,593.30,"5,933.00",2024-04-04
65,HRL,2024040405000128,38,45,10.00,593.20,"5,932.00",2024-04-04
66,HRL,2024040405000129,38,6,10.00,593.20,"5,932.00",2024-04-04
67,HRL,2024040405000131,38,42,10.00,593.20,"5,932.00",2024-04-04
68,HRL,2024040405000132,54,58,20.00,593.30,"11,866.00",2024-04-04
69,HRL,2024040405000134,54,39,10.00,593.30,"5,933.00",2024-04-04
70,HRL,2024040405000135,3,49,10.00,594.00,"5,940.00",2024-04-04
71,HRL,2024040405000136,3,51,10.00,594.00,"5,940.00",2024-04-04
72,HRL,2024040405000137,3,6,10.00,594.00,"5,940.00",2024-04-04
73,HRL,2024040405000138,3,39,10.00,594.00,"5,940.00",2024-04-04
74,HRL,2024040405000139,3,45,10.00,594.00,"5,940.00",2024-04-04
75,HRL,2024040405000140,3,55,10.00,594.00,"5,940.00",2024-04-04
76,HRL,2024040405000141,3,58,10.00,594.00,"5,940.00",2024-04-04
77,HRL,2024040405000142,54,42,10.00,593.30,"5,933.00",2024-04-04
78,HRL,2024040405000143,3,6,10.00,594.50,"5,945.00",2024-04-04
79,HRL,2024040405000144,3,6,10.00,594.50,"5,945.00",2024-04-04
80,HRL,2024040405000146,54,57,10.00,593.30,"5,933.00",2024-04-04
81,HRL,2024040405000147,54,38,10.00,593.30,"5,933.00",2024-04-04
82,HRL,2024040405000148,54,44,20.00,593.30,"11,866.00",2024-04-04
83,HRL,2024040405000149,54,34,30.00,593.30,"17,799.00",2024-04-04
84,HRL,2024040405000151,54,38,20.00,593.30,"11,866.00",2024-04-04
85,HRL,2024040405000155,54,58,10.00,593.30,"5,933.00",2024-04-04
86,HRL,2024040405000156,54,59,20.00,593.30,"11,866.00",2024-04-04
87,HRL,2024040405000157,49,59,10.00,593.30,"5,933.00",2024-04-04
88,HRL,2024040405000158,49,58,10.00,593.30,"5,933.00",2024-04-04
89,HRL,2024040405000159,49,50,20.00,593.30,"11,866.00",2024-04-04
90,HRL,2024040405000162,49,6,10.00,593.30,"5,933.00",2024-04-04
91,HRL,2024040405000163,7,58,10.00,593.40,"5,934.00",2024-04-04
92,HRL,2024040405000164,17,6,10.00,594.00,"5,940.00",2024-04-04
93,HRL,2024040405000165,17,62,90.00,594.00,"53,460.00",2024-04-04
94,HRL,2024040405000166,17,4,20.00,594.00,"11,880.00",2024-04-04
95,HRL,2024040405000167,17,25,10.00,594.00,"5,940.00",2024-04-04
96,HRL,2024040405000168,17,45,370.00,594.00,"219,780.00",2024-04-04
97,HRL,2024040405000169,7,38,20.00,593.40,"11,868.00",2024-04-04
98,HRL,2024040405000174,7,58,10.00,593.40,"5,934.00",2024-04-04
99,HRL,2024040405000175,7,10,20.00,593.40,"11,868.00",2024-04-04
100,HRL,2024040405000180,7,58,10.00,593.40,"5,934.00",2024-04-04
101,HRL,2024040405000181,54,45,130.00,594.00,"77,220.00",2024-04-04
102,HRL,2024040405000182,54,42,10.00,594.00,"5,940.00",2024-04-04
103,HRL,2024040405000183,7,58,30.00,593.40,"17,802.00",2024-04-04
104,HRL,2024040405000184,6,49,10.00,593.30,"5,933.00",2024-04-04
105,HRL,2024040405000185,38,49,10.00,593.20,"5,932.00",2024-04-04
106,HRL,2024040405000186,38,48,10.00,593.20,"5,932.00",2024-04-04
107,HRL,2024040405000187,38,42,10.00,593.20,"5,932.00",2024-04-04
108,HRL,2024040405000189,38,58,10.00,593.20,"5,932.00",2024-04-04
109,HRL,2024040405000190,6,52,10.00,593.30,"5,933.00",2024-04-04
110,HRL,2024040405000193,6,42,10.00,593.30,"5,933.00",2024-04-04
111,HRL,2024040405000195,26,55,151.00,594.00,"89,694.00",2024-04-04
112,HRL,2024040405000196,6,41,10.00,593.30,"5,933.00",2024-04-04
113,HRL,2024040405000198,6,52,20.00,593.30,"11,866.00",2024-04-04
114,HRL,2024040405000201,48,52,10.00,593.30,"5,933.00",2024-04-04
115,HRL,2024040405000202,48,58,10.00,593.30,"5,933.00",2024-04-04
116,HRL,2024040405000203,48,14,30.00,593.30,"17,799.00",2024-04-04
117,HRL,2024040405000207,38,58,10.00,593.20,"5,932.00",2024-04-04
118,HRL,2024040405000208,59,1,200.00,593.50,"118,700.00",2024-04-04
119,HRL,2024040405000211,38,14,10.00,593.20,"5,932.00",2024-04-04
120,HRL,2024040405000213,38,56,10.00,593.20,"5,932.00",2024-04-04
121,HRL,2024040405000214,38,66,20.00,593.20,"11,864.00",2024-04-04
122,HRL,2024040405000215,55,1,100.00,593.50,"59,350.00",2024-04-04
123,HRL,2024040405000216,55,38,10.00,593.50,"5,935.00",2024-04-04
124,HRL,2024040405000217,55,55,249.00,594.00,"147,906.00",2024-04-04
125,HRL,2024040405000218,55,22,10.00,594.00,"5,940.00",2024-04-04
126,HRL,2024040405000219,55,58,10.00,594.00,"5,940.00",2024-04-04
127,HRL,2024040405000221,55,7,10.00,594.00,"5,940.00",2024-04-04
128,HRL,2024040405000222,55,53,20.00,594.90,"11,898.00",2024-04-04
129,HRL,2024040405000223,55,53,20.00,594.90,"11,898.00",2024-04-04
130,HRL,2024040405000224,55,53,20.00,594.90,"11,898.00",2024-04-04
131,HRL,2024040405000225,55,57,10.00,595.00,"5,950.00",2024-04-04
132,HRL,2024040405000226,55,34,10.00,595.00,"5,950.00",2024-04-04
133,HRL,2024040405000227,55,8,20.00,595.00,"11,900.00",2024-04-04
134,HRL,2024040405000228,55,58,10.00,595.00,"5,950.00",2024-04-04
135,HRL,2024040405000229,55,47,10.00,595.00,"5,950.00",2024-04-04
136,HRL,2024040405000230,55,38,100.00,595.00,"59,500.00",2024-04-04
137,HRL,2024040405000231,55,22,20.00,595.00,"11,900.00",2024-04-04
138,HRL,2024040405000232,55,35,10.00,595.00,"5,950.00",2024-04-04
139,HRL,2024040405000233,55,94,10.00,595.00,"5,950.00",2024-04-04
140,HRL,2024040405000234,55,46,10.00,595.00,"5,950.00",2024-04-04
141,HRL,2024040405000235,55,32,10.00,595.00,"5,950.00",2024-04-04
142,HRL,2024040405000236,55,49,10.00,595.00,"5,950.00",2024-04-04
143,HRL,2024040405000237,55,49,30.00,595.00,"17,850.00",2024-04-04
144,HRL,2024040405000238,55,32,10.00,595.00,"5,950.00",2024-04-04
145,HRL,2024040405000239,55,36,10.00,595.00,"5,950.00",2024-04-04
146,HRL,2024040405000240,55,7,10.00,595.00,"5,950.00",2024-04-04
147,HRL,2024040405000241,55,8,10.00,595.00,"5,950.00",2024-04-04
148,HRL,2024040405000242,55,55,10.00,595.00,"5,950.00",2024-04-04
149,HRL,2024040405000243,55,58,10.00,595.00,"5,950.00",2024-04-04
150,HRL,2024040405000246,55,56,10.00,595.00,"5,950.00",2024-04-04
151,HRL,2024040405000247,55,22,10.00,595.00,"5,950.00",2024-04-04
152,HRL,2024040405000248,55,14,10.00,595.00,"5,950.00",2024-04-04
153,HRL,2024040405000249,55,58,10.00,595.00,"5,950.00",2024-04-04
154,HRL,2024040405000250,19,34,10.00,596.00,"5,960.00",2024-04-04
155,HRL,2024040405000251,19,14,10.00,596.00,"5,960.00",2024-04-04
156,HRL,2024040405000252,44,14,10.00,596.00,"5,960.00",2024-04-04
157,HRL,2024040405000253,44,32,70.00,596.00,"41,720.00",2024-04-04
158,HRL,2024040405000254,55,45,10.00,595.00,"5,950.00",2024-04-04
159,HRL,2024040405000255,55,6,10.00,595.00,"5,950.00",2024-04-04
160,HRL,2024040405000259,55,19,10.00,595.00,"5,950.00",2024-04-04
161,HRL,2024040405000263,19,48,10.00,595.10,"5,951.00",2024-04-04
162,HRL,2024040405000264,55,48,20.00,595.00,"11,900.00",2024-04-04
163,HRL,2024040405000270,55,34,20.00,595.00,"11,900.00",2024-04-04
164,HRL,2024040405000272,55,41,10.00,595.00,"5,950.00",2024-04-04
165,HRL,2024040405000273,55,28,20.00,595.00,"11,900.00",2024-04-04
166,HRL,2024040405000275,55,58,10.00,595.00,"5,950.00",2024-04-04
167,HRL,2024040405000277,55,87,10.00,595.00,"5,950.00",2024-04-04
168,HRL,2024040405000278,55,71,10.00,595.00,"5,950.00",2024-04-04
169,HRL,2024040405000279,55,34,10.00,595.00,"5,950.00",2024-04-04
170,HRL,2024040405000280,55,34,10.00,595.00,"5,950.00",2024-04-04
171,HRL,2024040405000281,55,6,10.00,595.00,"5,950.00",2024-04-04
172,HRL,2024040405000283,55,36,10.00,595.00,"5,950.00",2024-04-04
173,HRL,2024040405000286,55,32,20.00,595.00,"11,900.00",2024-04-04
174,HRL,2024040405000287,55,47,10.00,595.00,"5,950.00",2024-04-04
175,HRL,2024040405000288,55,58,10.00,595.00,"5,950.00",2024-04-04
176,HRL,2024040405000289,55,70,20.00,595.00,"11,900.00",2024-04-04
177,HRL,2024040405000290,55,52,10.00,595.00,"5,950.00",2024-04-04
178,HRL,2024040405000292,55,8,10.00,595.00,"5,950.00",2024-04-04
179,HRL,2024040405000293,55,34,10.00,595.00,"5,950.00",2024-04-04
180,HRL,2024040405000294,55,16,20.00,595.00,"11,900.00",2024-04-04
181,HRL,2024040405000295,32,49,10.00,595.10,"5,951.00",2024-04-04
182,HRL,2024040405000296,32,4,10.00,595.10,"5,951.00",2024-04-04
183,HRL,2024040405000297,32,17,10.00,595.10,"5,951.00",2024-04-04
184,HRL,2024040405000298,53,74,10.00,595.20,"5,952.00",2024-04-04
185,HRL,2024040405000299,32,34,10.00,595.10,"5,951.00",2024-04-04
186,HRL,2024040405000302,32,42,120.00,595.10,"71,412.00",2024-04-04
187,HRL,2024040405000303,32,51,10.00,595.10,"5,951.00",2024-04-04
188,HRL,2024040405000305,32,58,10.00,595.10,"5,951.00",2024-04-04
189,HRL,2024040405000306,32,44,70.00,595.10,"41,657.00",2024-04-04
190,HRL,2024040405000308,45,32,100.00,596.00,"59,600.00",2024-04-04
191,HRL,2024040405000309,6,43,50.00,595.10,"29,755.00",2024-04-04
192,HRL,2024040405000310,55,45,150.00,595.00,"89,250.00",2024-04-04
193,HRL,2024040405000312,55,70,20.00,595.00,"11,900.00",2024-04-04
194,HRL,2024040405000313,46,58,10.00,595.10,"5,951.00",2024-04-04
195,HRL,2024040405000314,46,35,10.00,595.10,"5,951.00",2024-04-04
196,HRL,2024040405000315,46,21,20.00,595.10,"11,902.00",2024-04-04
197,HRL,2024040405000322,46,41,10.00,595.10,"5,951.00",2024-04-04
198,HRL,2024040405000323,8,32,100.00,596.00,"59,600.00",2024-04-04
199,HRL,2024040405000327,46,56,30.00,595.10,"17,853.00",2024-04-04
200,HRL,2024040405000328,53,32,20.00,596.00,"11,920.00",2024-04-04
201,HRL,2024040405000330,48,11,20.00,595.10,"11,902.00",2024-04-04
202,HRL,2024040405000333,48,11,10.00,595.10,"5,951.00",2024-04-04
203,HRL,2024040405000335,49,43,2.00,584.10,"1,168.20",2024-04-04
204,HRL,2024040405000336,36,32,133.00,596.00,"79,268.00",2024-04-04
205,HRL,2024040405000337,36,54,10.00,596.00,"5,960.00",2024-04-04
206,HRL,2024040405000338,36,53,10.00,596.00,"5,960.00",2024-04-04
207,HRL,2024040405000339,36,49,10.00,596.00,"5,960.00",2024-04-04
208,HRL,2024040405000340,36,22,10.00,596.00,"5,960.00",2024-04-04
209,HRL,2024040405000341,36,46,20.00,596.00,"11,920.00",2024-04-04
210,HRL,2024040405000342,36,52,10.00,596.00,"5,960.00",2024-04-04
211,HRL,2024040405000343,36,58,10.00,596.00,"5,960.00",2024-04-04
212,HRL,2024040405000344,36,57,10.00,596.00,"5,960.00",2024-04-04
213,HRL,2024040405000348,36,58,10.00,596.00,"5,960.00",2024-04-04
214,HRL,2024040405000349,36,11,20.00,596.00,"11,920.00",2024-04-04
215,HRL,2024040405000352,36,34,30.00,596.00,"17,880.00",2024-04-04
216,HRL,2024040405000358,36,50,217.00,596.00,"129,332.00",2024-04-04
217,HRL,2024040405000359,10,36,10.00,595.10,"5,951.00",2024-04-04
218,HRL,2024040405000364,10,58,10.00,595.10,"5,951.00",2024-04-04
219,HRL,2024040405000365,10,11,30.00,595.10,"17,853.00",2024-04-04
220,HRL,2024040405000367,55,55,10.00,595.00,"5,950.00",2024-04-04
221,HRL,2024040405000368,53,26,30.00,596.50,"17,895.00",2024-04-04
222,HRL,2024040405000370,55,36,10.00,595.00,"5,950.00",2024-04-04
223,HRL,2024040405000375,55,57,10.00,595.00,"5,950.00",2024-04-04
224,HRL,2024040405000376,55,46,10.00,595.00,"5,950.00",2024-04-04
225,HRL,2024040405000379,55,38,10.00,595.00,"5,950.00",2024-04-04
226,HRL,2024040405000383,10,58,20.00,595.10,"11,902.00",2024-04-04
227,HRL,2024040405000384,10,35,10.00,595.10,"5,951.00",2024-04-04
228,HRL,2024040405000387,10,16,20.00,595.10,"11,902.00",2024-04-04
229,HRL,2024040405000389,55,38,10.00,595.00,"5,950.00",2024-04-04
230,HRL,2024040405000392,14,59,30.00,596.00,"17,880.00",2024-04-04
231,HRL,2024040405000393,14,49,20.00,596.00,"11,920.00",2024-04-04
232,HRL,2024040405000399,14,57,10.00,596.00,"5,960.00",2024-04-04
233,HRL,2024040405000400,14,58,20.00,596.00,"11,920.00",2024-04-04
234,HRL,2024040405000401,14,34,10.00,596.00,"5,960.00",2024-04-04
235,HRL,2024040405000402,14,35,10.00,596.00,"5,960.00",2024-04-04
236,HRL,2024040405000415,34,38,10.00,595.10,"5,951.00",2024-04-04
237,HRL,2024040405000417,34,28,20.00,595.10,"11,902.00",2024-04-04
238,HRL,2024040405000418,34,58,10.00,595.10,"5,951.00",2024-04-04
239,HRL,2024040405000420,34,48,30.00,595.10,"17,853.00",2024-04-04
240,HRL,2024040405000421,34,35,20.00,595.10,"11,902.00",2024-04-04
241,HRL,2024040405000422,34,59,20.00,595.10,"11,902.00",2024-04-04
242,HRL,2024040405000423,10,59,10.00,595.10,"5,951.00",2024-04-04
243,HRL,2024040405000425,10,21,30.00,595.10,"17,853.00",2024-04-04
244,HRL,2024040405000426,10,52,10.00,595.10,"5,951.00",2024-04-04
245,HRL,2024040405000427,55,5,250.00,595.00,"148,750.00",2024-04-04
246,HRL,2024040405000434,55,58,25.00,595.00,"14,875.00",2024-04-04
247,HRL,2024040405000437,55,65,10.00,595.00,"5,950.00",2024-04-04
248,HRL,2024040405000438,55,58,10.00,595.00,"5,950.00",2024-04-04
249,HRL,2024040405000447,55,25,10.00,595.00,"5,950.00",2024-04-04
250,HRL,2024040405000448,48,41,20.00,595.10,"11,902.00",2024-04-04
251,HRL,2024040405000451,48,3,20.00,595.10,"11,902.00",2024-04-04
252,HRL,2024040405000452,48,45,10.00,595.10,"5,951.00",2024-04-04
253,HRL,2024040405000453,48,14,20.00,595.10,"11,902.00",2024-04-04
254,HRL,2024040405000459,48,75,10.00,595.10,"5,951.00",2024-04-04
255,HRL,2024040405000460,48,56,10.00,595.10,"5,951.00",2024-04-04
256,HRL,2024040405000461,55,56,20.00,595.00,"11,900.00",2024-04-04
257,HRL,2024040405000462,55,35,10.00,595.00,"5,950.00",2024-04-04
258,HRL,2024040405000467,55,16,10.00,595.00,"5,950.00",2024-04-04
259,HRL,2024040405000468,55,35,10.00,595.00,"5,950.00",2024-04-04
260,HRL,2024040405000469,55,56,10.00,595.00,"5,950.00",2024-04-04
261,HRL,2024040405000471,55,36,10.00,595.00,"5,950.00",2024-04-04
262,HRL,2024040405000473,55,16,10.00,595.00,"5,950.00",2024-04-04
263,HRL,2024040405000474,55,37,10.00,595.00,"5,950.00",2024-04-04
264,HRL,2024040405000475,55,16,10.00,595.00,"5,950.00",2024-04-04
265,HRL,2024040405000476,55,8,10.00,595.00,"5,950.00",2024-04-04
266,HRL,2024040405000478,55,21,20.00,595.00,"11,900.00",2024-04-04
267,HRL,2024040405000479,55,16,10.00,595.00,"5,950.00",2024-04-04
268,HRL,2024040405000480,55,34,10.00,595.00,"5,950.00",2024-04-04
269,HRL,2024040405000481,55,35,10.00,595.00,"5,950.00",2024-04-04
270,HRL,2024040405000482,55,34,26.00,595.00,"15,470.00",2024-04-04
271,HRL,2024040405000483,74,33,10.00,595.10,"5,951.00",2024-04-04
272,HRL,2024040405000484,74,21,30.00,595.10,"17,853.00",2024-04-04
273,HRL,2024040405000487,74,16,10.00,595.10,"5,951.00",2024-04-04
274,HRL,2024040405000491,74,58,10.00,595.10,"5,951.00",2024-04-04
275,HRL,2024040405000492,74,21,30.00,595.10,"17,853.00",2024-04-04
276,HRL,2024040405000494,74,49,10.00,595.10,"5,951.00",2024-04-04
277,HRL,2024040405000495,74,16,10.00,595.10,"5,951.00",2024-04-04
278,HRL,2024040405000496,74,38,30.00,595.10,"17,853.00",2024-04-04
279,HRL,2024040405000497,76,55,10.00,595.20,"5,952.00",2024-04-04
280,HRL,2024040405000498,76,55,20.00,595.30,"11,906.00",2024-04-04
281,HRL,2024040405000499,76,20,20.00,595.30,"11,906.00",2024-04-04
282,HRL,2024040405000500,74,20,20.00,595.10,"11,902.00",2024-04-04
283,HRL,2024040405000501,55,45,20.00,595.00,"11,900.00",2024-04-04
284,HRL,2024040405000502,55,54,200.00,595.00,"119,000.00",2024-04-04
285,HRL,2024040405000503,55,16,10.00,595.00,"5,950.00",2024-04-04
286,HRL,2024040405000504,21,20,20.00,595.10,"11,902.00",2024-04-04
287,HRL,2024040405000507,55,49,10.00,595.00,"5,950.00",2024-04-04
288,HRL,2024040405000508,55,59,10.00,595.00,"5,950.00",2024-04-04
289,HRL,2024040405000509,55,16,10.00,595.00,"5,950.00",2024-04-04
290,HRL,2024040405000510,21,20,40.00,595.10,"23,804.00",2024-04-04
291,HRL,2024040405000511,55,38,10.00,595.00,"5,950.00",2024-04-04
292,HRL,2024040405000513,55,58,30.00,595.00,"17,850.00",2024-04-04
293,HRL,2024040405000514,55,42,30.00,595.00,"17,850.00",2024-04-04
294,HRL,2024040405000521,76,58,20.00,595.10,"11,902.00",2024-04-04
295,HRL,2024040405000522,55,58,10.00,595.00,"5,950.00",2024-04-04
296,HRL,2024040405000525,55,35,10.00,595.00,"5,950.00",2024-04-04
297,HRL,2024040405000526,55,38,10.00,595.00,"5,950.00",2024-04-04
298,HRL,2024040405000527,55,58,10.00,595.00,"5,950.00",2024-04-04
299,HRL,2024040405000530,57,52,10.00,595.50,"5,955.00",2024-04-04
300,HRL,2024040405000531,57,52,30.00,595.50,"17,865.00",2024-04-04
301,HRL,2024040405000532,57,58,10.00,595.90,"5,959.00",2024-04-04
302,HRL,2024040405000533,57,35,10.00,596.00,"5,960.00",2024-04-04
303,HRL,2024040405000534,57,49,10.00,596.00,"5,960.00",2024-04-04
304,HRL,2024040405000535,57,35,20.00,596.00,"11,920.00",2024-04-04
305,HRL,2024040405000536,57,48,10.00,596.00,"5,960.00",2024-04-04
306,HRL,2024040405000538,55,59,10.00,595.00,"5,950.00",2024-04-04
307,HRL,2024040405000545,41,1,20.00,595.10,"11,902.00",2024-04-04
308,HRL,2024040405000546,41,28,20.00,595.10,"11,902.00",2024-04-04
309,HRL,2024040405000548,41,49,10.00,595.10,"5,951.00",2024-04-04
310,HRL,2024040405000549,41,58,10.00,595.10,"5,951.00",2024-04-04
311,HRL,2024040405000552,41,25,10.00,595.10,"5,951.00",2024-04-04
312,HRL,2024040405000558,41,1,30.00,595.10,"17,853.00",2024-04-04
313,HRL,2024040405000559,76,1,50.00,595.10,"29,755.00",2024-04-04
314,HRL,2024040405000560,55,1,54.00,595.00,"32,130.00",2024-04-04
315,HRL,2024040405000566,55,55,10.00,595.00,"5,950.00",2024-04-04
316,HRL,2024040405000572,55,35,10.00,595.00,"5,950.00",2024-04-04
317,HRL,2024040405000573,55,58,100.00,595.00,"59,500.00",2024-04-04
318,HRL,2024040405000575,55,51,10.00,595.00,"5,950.00",2024-04-04
319,HRL,2024040405000576,55,59,10.00,595.00,"5,950.00",2024-04-04
320,HRL,2024040405000581,55,28,30.00,595.00,"17,850.00",2024-04-04
321,HRL,2024040405000582,55,38,30.00,595.00,"17,850.00",2024-04-04
322,HRL,2024040405000583,55,55,20.00,595.00,"11,900.00",2024-04-04
323,HRL,2024040405000585,55,59,30.00,595.00,"17,850.00",2024-04-04
324,HRL,2024040405000586,49,34,30.00,596.00,"17,880.00",2024-04-04
325,HRL,2024040405000587,49,6,10.00,596.00,"5,960.00",2024-04-04
326,HRL,2024040405000588,49,34,30.00,596.00,"17,880.00",2024-04-04
327,HRL,2024040405000589,49,34,30.00,596.00,"17,880.00",2024-04-04
328,HRL,2024040405000590,55,13,10.00,595.00,"5,950.00",2024-04-04
329,HRL,2024040405000593,55,45,10.00,595.00,"5,950.00",2024-04-04
330,HRL,2024040405000597,55,36,20.00,595.00,"11,900.00",2024-04-04
331,HRL,2024040405000604,7,7,4.00,585.90,"2,343.60",2024-04-04
332,HRL,2024040405000613,55,42,50.00,595.00,"29,750.00",2024-04-04
333,HRL,2024040405000614,55,42,20.00,595.00,"11,900.00",2024-04-04
334,HRL,2024040405000620,55,49,10.00,595.00,"5,950.00",2024-04-04
335,HRL,2024040405000624,55,8,10.00,595.00,"5,950.00",2024-04-04
336,HRL,2024040405000627,55,14,10.00,595.00,"5,950.00",2024-04-04
337,HRL,2024040405000630,55,51,10.00,595.00,"5,950.00",2024-04-04
338,HRL,2024040405000631,55,16,20.00,595.00,"11,900.00",2024-04-04
339,HRL,2024040405000632,55,38,10.00,595.00,"5,950.00",2024-04-04
340,HRL,2024040405000647,55,52,10.00,595.00,"5,950.00",2024-04-04
341,HRL,2024040405000649,55,46,20.00,595.00,"11,900.00",2024-04-04
342,HRL,2024040405000651,55,49,10.00,595.00,"5,950.00",2024-04-04
343,HRL,2024040405000653,55,58,10.00,595.00,"5,950.00",2024-04-04
344,HRL,2024040405000657,55,45,10.00,595.00,"5,950.00",2024-04-04
345,HRL,2024040405000658,55,38,30.00,595.00,"17,850.00",2024-04-04
346,HRL,2024040405000661,55,25,10.00,595.00,"5,950.00",2024-04-04
347,HRL,2024040405000662,55,35,10.00,595.00,"5,950.00",2024-04-04
348,HRL,2024040405000664,55,32,10.00,595.00,"5,950.00",2024-04-04
349,HRL,2024040405000675,55,45,10.00,595.00,"5,950.00",2024-04-04
350,HRL,2024040405000677,55,48,20.00,595.00,"11,900.00",2024-04-04
351,HRL,2024040405000679,55,17,40.00,595.00,"23,800.00",2024-04-04
352,HRL,2024040405000681,55,7,10.00,595.00,"5,950.00",2024-04-04
353,HRL,2024040405000683,55,49,"1,493.00",595.00,"888,335.00",2024-04-04
354,HRL,2024040405000684,55,22,50.00,595.00,"29,750.00",2024-04-04
355,HRL,2024040405000687,55,42,30.00,595.00,"17,850.00",2024-04-04
356,HRL,2024040405000688,55,41,10.00,595.00,"5,950.00",2024-04-04
357,HRL,2024040405000689,55,8,10.00,595.00,"5,950.00",2024-04-04
358,HRL,2024040405000690,55,32,922.00,595.00,"548,590.00",2024-04-04
359,HRL,2024040405000691,41,32,200.00,595.00,"119,000.00",2024-04-04
360,HRL,2024040405000692,25,32,19.00,595.00,"11,305.00",2024-04-04
361,HRL,2024040405000693,41,32,800.00,595.00,"476,000.00",2024-04-04
362,HRL,2024040405000694,34,32,30.00,595.00,"17,850.00",2024-04-04
363,HRL,2024040405000695,33,32,29.00,595.00,"17,255.00",2024-04-04
364,HRL,2024040405000697,33,58,10.00,595.00,"5,950.00",2024-04-04
365,HRL,2024040405000701,52,43,10.00,595.20,"5,952.00",2024-04-04
366,HRL,2024040405000708,52,38,10.00,595.20,"5,952.00",2024-04-04
367,HRL,2024040405000709,33,13,439.00,595.00,"261,205.00",2024-04-04
368,HRL,2024040405000715,33,14,10.00,595.00,"5,950.00",2024-04-04
369,HRL,2024040405000717,33,16,12.00,595.00,"7,140.00",2024-04-04
370,HRL,2024040405000718,76,16,50.00,595.00,"29,750.00",2024-04-04
371,HRL,2024040405000719,7,16,30.00,595.00,"17,850.00",2024-04-04
372,HRL,2024040405000720,13,41,10.00,595.00,"5,950.00",2024-04-04
373,HRL,2024040405000725,13,57,20.00,595.00,"11,900.00",2024-04-04
374,HRL,2024040405000726,22,57,50.00,595.00,"29,750.00",2024-04-04
375,HRL,2024040405000727,21,57,10.00,594.40,"5,944.00",2024-04-04
376,HRL,2024040405000728,21,57,10.00,594.30,"5,943.00",2024-04-04
377,HRL,2024040405000729,21,57,10.00,594.20,"5,942.00",2024-04-04
378,HRL,2024040405000730,21,57,20.00,594.10,"11,882.00",2024-04-04
379,HRL,2024040405000731,55,57,20.00,594.00,"11,880.00",2024-04-04
380,HRL,2024040405000732,55,38,30.00,594.00,"17,820.00",2024-04-04
381,HRL,2024040405000735,55,34,10.00,594.00,"5,940.00",2024-04-04
382,HRL,2024040405000736,55,52,20.00,594.00,"11,880.00",2024-04-04
383,HRL,2024040405000737,26,45,20.00,594.10,"11,882.00",2024-04-04
384,HRL,2024040405000738,26,38,10.00,594.10,"5,941.00",2024-04-04
385,HRL,2024040405000745,26,45,10.00,594.10,"5,941.00",2024-04-04
386,HRL,2024040405000749,26,22,10.00,594.10,"5,941.00",2024-04-04
387,HRL,2024040405000750,26,41,10.00,594.10,"5,941.00",2024-04-04
388,HRL,2024040405000760,26,42,10.00,594.10,"5,941.00",2024-04-04
389,HRL,2024040405000763,26,40,20.00,594.10,"11,882.00",2024-04-04
390,HRL,2024040405000764,26,58,10.00,594.10,"5,941.00",2024-04-04
391,HRL,2024040405000766,42,58,10.00,594.10,"5,941.00",2024-04-04
392,HRL,2024040405000768,42,28,15.00,594.10,"8,911.50",2024-04-04
393,HRL,2024040405000771,19,19,20.00,595.00,"11,900.00",2024-04-04
394,HRL,2024040405000772,19,38,10.00,595.00,"5,950.00",2024-04-04
395,HRL,2024040405000773,19,58,10.00,595.00,"5,950.00",2024-04-04
396,HRL,2024040405000774,19,58,10.00,595.00,"5,950.00",2024-04-04
397,HRL,2024040405000775,19,22,10.00,595.00,"5,950.00",2024-04-04
398,HRL,2024040405000776,19,56,10.00,595.00,"5,950.00",2024-04-04
399,HRL,2024040405000777,19,62,20.00,595.00,"11,900.00",2024-04-04
400,HRL,2024040405000778,19,49,10.00,595.00,"5,950.00",2024-04-04
401,HRL,2024040405000779,55,58,10.00,594.00,"5,940.00",2024-04-04
402,HRL,2024040405000784,38,49,10.00,594.10,"5,941.00",2024-04-04
403,HRL,2024040405000785,55,49,20.00,594.00,"11,880.00",2024-04-04
404,HRL,2024040405000786,55,7,10.00,594.00,"5,940.00",2024-04-04
405,HRL,2024040405000787,58,55,20.00,594.10,"11,882.00",2024-04-04
406,HRL,2024040405000789,55,41,10.00,594.00,"5,940.00",2024-04-04
407,HRL,2024040405000791,55,22,20.00,594.00,"11,880.00",2024-04-04
408,HRL,2024040405000794,55,58,20.00,594.00,"11,880.00",2024-04-04
409,HRL,2024040405000795,55,49,10.00,594.00,"5,940.00",2024-04-04
410,HRL,2024040405000796,55,3,20.00,594.00,"11,880.00",2024-04-04
411,HRL,2024040405000798,55,44,10.00,594.00,"5,940.00",2024-04-04
412,HRL,2024040405000799,21,75,50.00,595.00,"29,750.00",2024-04-04
413,HRL,2024040405000800,21,22,10.00,595.00,"5,950.00",2024-04-04
414,HRL,2024040405000801,21,44,30.00,595.00,"17,850.00",2024-04-04
415,HRL,2024040405000802,21,43,20.00,595.00,"11,900.00",2024-04-04
416,HRL,2024040405000803,21,21,20.00,595.00,"11,900.00",2024-04-04
417,HRL,2024040405000804,21,58,10.00,595.00,"5,950.00",2024-04-04
418,HRL,2024040405000805,21,35,10.00,595.00,"5,950.00",2024-04-04
419,HRL,2024040405000806,21,58,10.00,595.00,"5,950.00",2024-04-04
420,HRL,2024040405000807,34,34,20.00,595.00,"11,900.00",2024-04-04
421,HRL,2024040405000811,34,41,10.00,595.00,"5,950.00",2024-04-04
422,HRL,2024040405000812,34,41,10.00,595.00,"5,950.00",2024-04-04
423,HRL,2024040405000813,34,59,20.00,595.00,"11,900.00",2024-04-04
424,HRL,2024040405000815,46,22,20.00,595.00,"11,900.00",2024-04-04
425,HRL,2024040405000819,21,44,20.00,594.20,"11,884.00",2024-04-04
426,HRL,2024040405000820,21,58,10.00,594.20,"5,942.00",2024-04-04
427,HRL,2024040405000821,13,22,10.00,595.00,"5,950.00",2024-04-04
428,HRL,2024040405000822,13,32,30.00,595.00,"17,850.00",2024-04-04
429,HRL,2024040405000823,13,58,10.00,595.00,"5,950.00",2024-04-04
430,HRL,2024040405000824,13,42,20.00,595.00,"11,900.00",2024-04-04
431,HRL,2024040405000825,13,43,30.00,595.00,"17,850.00",2024-04-04
432,HRL,2024040405000827,13,58,20.00,595.00,"11,900.00",2024-04-04
433,HRL,2024040405000828,13,80,10.00,595.00,"5,950.00",2024-04-04
434,HRL,2024040405000829,13,56,20.00,595.00,"11,900.00",2024-04-04
435,HRL,2024040405000830,59,44,10.00,595.00,"5,950.00",2024-04-04
436,HRL,2024040405000834,59,48,10.00,595.00,"5,950.00",2024-04-04
437,HRL,2024040405000837,59,47,10.00,595.00,"5,950.00",2024-04-04
438,HRL,2024040405000838,21,32,20.00,594.20,"11,884.00",2024-04-04
439,HRL,2024040405000841,52,52,10.00,595.00,"5,950.00",2024-04-04
440,HRL,2024040405000842,52,58,20.00,595.10,"11,902.00",2024-04-04
441,HRL,2024040405000843,52,51,20.00,595.10,"11,902.00",2024-04-04
442,HRL,2024040405000844,52,52,30.00,595.20,"17,856.00",2024-04-04
443,HRL,2024040405000845,52,62,50.00,595.50,"29,775.00",2024-04-04
444,HRL,2024040405000846,52,42,10.00,595.50,"5,955.00",2024-04-04
445,HRL,2024040405000847,52,19,10.00,595.50,"5,955.00",2024-04-04
446,HRL,2024040405000848,52,35,10.00,595.50,"5,955.00",2024-04-04
447,HRL,2024040405000849,52,34,10.00,595.50,"5,955.00",2024-04-04
448,HRL,2024040405000850,52,35,10.00,595.50,"5,955.00",2024-04-04
449,HRL,2024040405000851,52,25,10.00,595.60,"5,956.00",2024-04-04
450,HRL,2024040405000852,52,34,10.00,596.00,"5,960.00",2024-04-04
451,HRL,2024040405000853,21,42,10.00,594.20,"5,942.00",2024-04-04
452,HRL,2024040405000854,21,38,10.00,594.20,"5,942.00",2024-04-04
453,HRL,2024040405000855,21,52,10.00,594.20,"5,942.00",2024-04-04
454,HRL,2024040405000859,21,57,10.00,594.20,"5,942.00",2024-04-04
455,HRL,2024040405000860,55,32,10.00,594.50,"5,945.00",2024-04-04
456,HRL,2024040405000861,55,44,20.00,595.00,"11,900.00",2024-04-04
457,HRL,2024040405000862,55,49,10.00,595.00,"5,950.00",2024-04-04
458,HRL,2024040405000863,55,49,30.00,595.00,"17,850.00",2024-04-04
459,HRL,2024040405000864,55,48,20.00,595.50,"11,910.00",2024-04-04
460,HRL,2024040405000865,55,34,60.00,596.00,"35,760.00",2024-04-04
461,HRL,2024040405000866,55,34,30.00,596.00,"17,880.00",2024-04-04
462,HRL,2024040405000867,55,57,10.00,596.00,"5,960.00",2024-04-04
463,HRL,2024040405000868,55,43,20.00,596.00,"11,920.00",2024-04-04
464,HRL,2024040405000869,55,58,20.00,596.00,"11,920.00",2024-04-04
465,HRL,2024040405000870,55,52,30.00,596.00,"17,880.00",2024-04-04
466,HRL,2024040405000871,55,4,20.00,596.00,"11,920.00",2024-04-04
467,HRL,2024040405000872,55,58,10.00,596.00,"5,960.00",2024-04-04
468,HRL,2024040405000873,55,42,10.00,596.00,"5,960.00",2024-04-04
469,HRL,2024040405000874,55,6,10.00,596.00,"5,960.00",2024-04-04
470,HRL,2024040405000875,55,6,10.00,596.00,"5,960.00",2024-04-04
471,HRL,2024040405000876,55,35,180.00,596.00,"107,280.00",2024-04-04
472,HRL,2024040405000877,55,35,500.00,596.00,"298,000.00",2024-04-04
473,HRL,2024040405000878,34,38,10.00,594.30,"5,943.00",2024-04-04
474,HRL,2024040405000879,34,34,90.00,594.30,"53,487.00",2024-04-04
475,HRL,2024040405000880,21,34,10.00,594.20,"5,942.00",2024-04-04
476,HRL,2024040405000881,21,52,10.00,594.20,"5,942.00",2024-04-04
477,HRL,2024040405000883,21,42,30.00,594.20,"17,826.00",2024-04-04
478,HRL,2024040405000885,21,91,100.00,594.20,"59,420.00",2024-04-04
479,HRL,2024040405000886,21,4,14.00,594.20,"8,318.80",2024-04-04
480,HRL,2024040405000887,21,41,10.00,594.20,"5,942.00",2024-04-04
481,HRL,2024040405000888,21,52,10.00,594.20,"5,942.00",2024-04-04
482,HRL,2024040405000903,21,38,10.00,594.20,"5,942.00",2024-04-04
483,HRL,2024040405000904,21,4,20.00,594.20,"11,884.00",2024-04-04
484,HRL,2024040405000906,21,52,10.00,594.20,"5,942.00",2024-04-04
485,HRL,2024040405000907,21,41,10.00,594.20,"5,942.00",2024-04-04
486,HRL,2024040405000909,21,58,10.00,594.20,"5,942.00",2024-04-04
487,HRL,2024040405000920,21,38,10.00,594.20,"5,942.00",2024-04-04
488,HRL,2024040405000921,21,39,20.00,594.20,"11,884.00",2024-04-04
489,HRL,2024040405000935,21,58,20.00,594.20,"11,884.00",2024-04-04
490,HRL,2024040405000936,21,41,10.00,594.20,"5,942.00",2024-04-04
491,HRL,2024040405000937,21,38,10.00,594.20,"5,942.00",2024-04-04
492,HRL,2024040405000938,21,39,150.00,594.20,"89,130.00",2024-04-04
493,HRL,2024040405000939,21,52,10.00,594.20,"5,942.00",2024-04-04
494,HRL,2024040405000945,57,51,10.00,595.00,"5,950.00",2024-04-04
495,HRL,2024040405000946,57,4,20.00,595.00,"11,900.00",2024-04-04
496,HRL,2024040405000947,21,4,10.00,595.00,"5,950.00",2024-04-04
497,HRL,2024040405000948,21,34,20.00,595.00,"11,900.00",2024-04-04
498,HRL,2024040405000949,21,58,30.00,595.00,"17,850.00",2024-04-04
499,HRL,2024040405000950,21,35,10.00,595.00,"5,950.00",2024-04-04
500,HRL,2024040405000951,21,51,14.00,595.00,"8,330.00",2024-04-04
501,HRL,2024040405000952,21,38,10.00,594.20,"5,942.00",2024-04-04
502,HRL,2024040405000957,21,44,10.00,594.20,"5,942.00",2024-04-04
503,HRL,2024040405000958,21,52,10.00,594.20,"5,942.00",2024-04-04
504,HRL,2024040405000962,21,52,10.00,594.30,"5,943.00",2024-04-04
505,HRL,2024040405000963,21,56,10.00,594.30,"5,943.00",2024-04-04
506,HRL,2024040405000967,21,57,10.00,594.30,"5,943.00",2024-04-04
507,HRL,2024040405000969,21,3,10.00,594.30,"5,943.00",2024-04-04
508,HRL,2024040405000990,21,42,10.00,594.20,"5,942.00",2024-04-04
509,HRL,2024040405000991,21,14,10.00,594.20,"5,942.00",2024-04-04
510,HRL,2024040405000993,21,42,10.00,594.20,"5,942.00",2024-04-04
511,HRL,2024040405000994,21,35,10.00,594.20,"5,942.00",2024-04-04
512,HRL,2024040405000995,21,39,10.00,594.20,"5,942.00",2024-04-04
513,HRL,2024040405000997,91,3,10.00,594.30,"5,943.00",2024-04-04
514,HRL,2024040405000998,91,42,20.00,595.00,"11,900.00",2024-04-04
515,HRL,2024040405000999,91,49,20.00,595.00,"11,900.00",2024-04-04
516,HRL,2024040405001000,91,58,50.00,595.00,"29,750.00",2024-04-04
517,HRL,2024040405001009,21,52,10.00,594.20,"5,942.00",2024-04-04
518,HRL,2024040405001010,21,45,493.00,594.20,"292,940.60",2024-04-04
519,HRL,2024040405001011,21,38,10.00,594.20,"5,942.00",2024-04-04
520,HRL,2024040405001017,21,58,10.00,594.20,"5,942.00",2024-04-04
521,HRL,2024040405001018,21,34,30.00,594.20,"17,826.00",2024-04-04
522,HRL,2024040405001019,21,52,10.00,594.20,"5,942.00",2024-04-04
523,HRL,2024040405001021,21,49,185.00,594.20,"109,927.00",2024-04-04
524,HRL,2024040405001023,21,25,10.00,594.20,"5,942.00",2024-04-04
525,HRL,2024040405001027,21,45,10.00,594.20,"5,942.00",2024-04-04
526,HRL,2024040405001028,21,42,40.00,594.20,"23,768.00",2024-04-04
527,HRL,2024040405001030,21,58,10.00,594.20,"5,942.00",2024-04-04
528,HRL,2024040405001031,21,43,20.00,594.20,"11,884.00",2024-04-04
529,HRL,2024040405001032,21,42,10.00,594.20,"5,942.00",2024-04-04
530,HRL,2024040405001033,6,43,12.00,595.00,"7,140.00",2024-04-04
531,HRL,2024040405001034,21,43,10.00,594.20,"5,942.00",2024-04-04
532,HRL,2024040405001038,21,29,20.00,594.20,"11,884.00",2024-04-04
533,HRL,2024040405001041,21,43,20.00,594.20,"11,884.00",2024-04-04
534,HRL,2024040405001042,21,52,10.00,594.20,"5,942.00",2024-04-04
535,HRL,2024040405001044,21,28,10.00,594.20,"5,942.00",2024-04-04
536,HRL,2024040405001045,21,50,10.00,594.20,"5,942.00",2024-04-04
537,HRL,2024040405001046,21,52,10.00,594.20,"5,942.00",2024-04-04
538,HRL,2024040405001053,21,14,10.00,594.20,"5,942.00",2024-04-04
539,HRL,2024040405001055,21,43,20.00,594.20,"11,884.00",2024-04-04
540,HRL,2024040405001064,21,43,20.00,594.20,"11,884.00",2024-04-04
541,HRL,2024040405001069,21,29,30.00,594.20,"17,826.00",2024-04-04
542,HRL,2024040405001070,21,51,10.00,594.20,"5,942.00",2024-04-04
543,HRL,2024040405001072,21,1,20.00,594.20,"11,884.00",2024-04-04
544,HRL,2024040405001074,21,47,30.00,594.20,"17,826.00",2024-04-04
545,HRL,2024040405001077,21,52,10.00,594.20,"5,942.00",2024-04-04
546,HRL,2024040405001078,21,57,30.00,594.20,"17,826.00",2024-04-04
547,HRL,2024040405001079,21,58,30.00,594.20,"17,826.00",2024-04-04
548,HRL,2024040405001080,21,22,10.00,594.20,"5,942.00",2024-04-04
549,HRL,2024040405001081,21,34,30.00,594.20,"17,826.00",2024-04-04
550,HRL,2024040405001086,21,43,30.00,594.20,"17,826.00",2024-04-04
551,HRL,2024040405001087,21,45,10.00,594.20,"5,942.00",2024-04-04
552,HRL,2024040405001088,21,42,10.00,594.20,"5,942.00",2024-04-04
553,HRL,2024040405001089,21,21,30.00,594.20,"17,826.00",2024-04-04
554,HRL,2024040405001094,21,49,40.00,594.20,"23,768.00",2024-04-04
555,HRL,2024040405001100,21,43,20.00,594.20,"11,884.00",2024-04-04
556,HRL,2024040405001101,21,58,20.00,594.20,"11,884.00",2024-04-04
557,HRL,2024040405001102,21,3,10.00,594.20,"5,942.00",2024-04-04
558,HRL,2024040405001105,21,6,10.00,594.20,"5,942.00",2024-04-04
559,HRL,2024040405001114,21,43,20.00,594.20,"11,884.00",2024-04-04
560,HRL,2024040405001115,21,52,10.00,594.20,"5,942.00",2024-04-04
561,HRL,2024040405001128,21,58,30.00,594.20,"17,826.00",2024-04-04
562,HRL,2024040405001129,21,36,10.00,594.20,"5,942.00",2024-04-04
563,HRL,2024040405001130,21,52,10.00,594.20,"5,942.00",2024-04-04
564,HRL,2024040405001132,21,1,30.00,594.20,"17,826.00",2024-04-04
565,HRL,2024040405001137,39,52,10.00,594.20,"5,942.00",2024-04-04
566,HRL,2024040405001151,39,21,10.00,594.20,"5,942.00",2024-04-04
567,HRL,2024040405001152,21,21,3.00,594.20,"1,782.60",2024-04-04
568,HRL,2024040405001155,38,38,10.00,594.20,"5,942.00",2024-04-04
569,HRL,2024040405001157,38,45,20.00,594.20,"11,884.00",2024-04-04
570,HRL,2024040405001159,38,1,30.00,594.20,"17,826.00",2024-04-04
571,HRL,2024040405001161,38,52,10.00,594.20,"5,942.00",2024-04-04
572,HRL,2024040405001170,38,42,10.00,594.20,"5,942.00",2024-04-04
573,HRL,2024040405001171,38,46,10.00,594.20,"5,942.00",2024-04-04
574,HRL,2024040405001172,38,52,10.00,594.20,"5,942.00",2024-04-04
575,HRL,2024040405001180,57,21,30.00,594.20,"17,826.00",2024-04-04
576,HRL,2024040405001181,57,38,10.00,594.20,"5,942.00",2024-04-04
577,HRL,2024040405001185,57,43,40.00,594.20,"23,768.00",2024-04-04
578,HRL,2024040405001186,57,43,40.00,594.20,"23,768.00",2024-04-04
579,HRL,2024040405001187,57,43,40.00,594.20,"23,768.00",2024-04-04
580,HRL,2024040405001188,57,43,40.00,594.20,"23,768.00",2024-04-04
581,HRL,2024040405001189,46,94,10.00,594.10,"5,941.00",2024-04-04
582,HRL,2024040405001191,46,45,10.00,594.10,"5,941.00",2024-04-04
583,HRL,2024040405001192,4,43,10.00,594.20,"5,942.00",2024-04-04
584,HRL,2024040405001197,4,46,10.00,594.20,"5,942.00",2024-04-04
585,HRL,2024040405001198,50,46,10.00,594.20,"5,942.00",2024-04-04
586,HRL,2024040405001199,46,58,10.00,594.10,"5,941.00",2024-04-04
587,HRL,2024040405001200,46,52,10.00,594.10,"5,941.00",2024-04-04
588,HRL,2024040405001202,46,58,10.00,594.10,"5,941.00",2024-04-04
589,HRL,2024040405001203,22,58,10.00,594.10,"5,941.00",2024-04-04
590,HRL,2024040405001207,22,10,40.00,594.10,"23,764.00",2024-04-04
591,HRL,2024040405001208,50,42,10.00,594.20,"5,942.00",2024-04-04
592,HRL,2024040405001209,50,33,20.00,594.20,"11,884.00",2024-04-04
593,HRL,2024040405001210,57,25,10.00,594.10,"5,941.00",2024-04-04
594,HRL,2024040405001212,57,49,10.00,594.10,"5,941.00",2024-04-04
595,HRL,2024040405001217,57,52,10.00,594.10,"5,941.00",2024-04-04
596,HRL,2024040405001218,57,49,20.00,594.10,"11,882.00",2024-04-04
597,HRL,2024040405001219,55,49,10.00,594.00,"5,940.00",2024-04-04
598,HRL,2024040405001224,55,35,10.00,594.00,"5,940.00",2024-04-04
599,HRL,2024040405001226,55,45,10.00,594.00,"5,940.00",2024-04-04
600,HRL,2024040405001229,55,26,20.00,594.00,"11,880.00",2024-04-04
601,HRL,2024040405001230,55,26,20.00,594.00,"11,880.00",2024-04-04
602,HRL,2024040405001231,55,33,160.00,594.00,"95,040.00",2024-04-04
603,HRL,2024040405001232,55,51,10.00,594.00,"5,940.00",2024-04-04
604,HRL,2024040405001233,38,58,10.00,594.10,"5,941.00",2024-04-04
605,HRL,2024040405001234,38,35,10.00,594.10,"5,941.00",2024-04-04
606,HRL,2024040405001236,57,51,30.00,594.50,"17,835.00",2024-04-04
607,HRL,2024040405001237,57,45,20.00,594.90,"11,898.00",2024-04-04
608,HRL,2024040405001238,57,25,150.00,594.90,"89,235.00",2024-04-04
609,HRL,2024040405001239,57,49,20.00,595.00,"11,900.00",2024-04-04
610,HRL,2024040405001240,57,45,10.00,595.00,"5,950.00",2024-04-04
611,HRL,2024040405001241,57,49,20.00,595.00,"11,900.00",2024-04-04
612,HRL,2024040405001242,57,41,10.00,595.00,"5,950.00",2024-04-04
613,HRL,2024040405001243,57,35,10.00,595.00,"5,950.00",2024-04-04
614,HRL,2024040405001244,57,49,10.00,595.00,"5,950.00",2024-04-04
615,HRL,2024040405001245,57,59,10.00,595.00,"5,950.00",2024-04-04
616,HRL,2024040405001246,57,36,30.00,595.00,"17,850.00",2024-04-04
617,HRL,2024040405001247,57,16,150.00,595.00,"89,250.00",2024-04-04
618,HRL,2024040405001248,57,58,10.00,595.00,"5,950.00",2024-04-04
619,HRL,2024040405001249,57,38,10.00,595.00,"5,950.00",2024-04-04
620,HRL,2024040405001250,57,58,100.00,595.00,"59,500.00",2024-04-04
621,HRL,2024040405001251,57,6,10.00,595.00,"5,950.00",2024-04-04
622,HRL,2024040405001252,57,57,10.00,595.00,"5,950.00",2024-04-04
623,HRL,2024040405001253,57,56,20.00,595.00,"11,900.00",2024-04-04
624,HRL,2024040405001254,57,68,20.00,595.00,"11,900.00",2024-04-04
625,HRL,2024040405001255,57,42,10.00,595.00,"5,950.00",2024-04-04
626,HRL,2024040405001256,57,35,10.00,595.00,"5,950.00",2024-04-04
627,HRL,2024040405001257,57,47,10.00,595.00,"5,950.00",2024-04-04
628,HRL,2024040405001258,57,21,20.00,595.00,"11,900.00",2024-04-04
629,HRL,2024040405001259,57,35,10.00,595.00,"5,950.00",2024-04-04
630,HRL,2024040405001270,57,28,20.00,595.00,"11,900.00",2024-04-04
631,HRL,2024040405001271,57,45,10.00,595.00,"5,950.00",2024-04-04
632,HRL,2024040405001272,57,34,10.00,595.00,"5,950.00",2024-04-04
633,HRL,2024040405001276,57,49,10.00,595.00,"5,950.00",2024-04-04
634,HRL,2024040405001277,57,41,30.00,595.00,"17,850.00",2024-04-04
635,HRL,2024040405001278,32,21,10.00,595.20,"5,952.00",2024-04-04
636,HRL,2024040405001279,32,21,10.00,595.20,"5,952.00",2024-04-04
637,HRL,2024040405001280,32,4,20.00,595.20,"11,904.00",2024-04-04
638,HRL,2024040405001283,32,42,30.00,595.20,"17,856.00",2024-04-04
639,HRL,2024040405001285,32,49,10.00,595.20,"5,952.00",2024-04-04
640,HRL,2024040405001288,32,34,20.00,595.20,"11,904.00",2024-04-04
641,HRL,2024040405001291,22,49,10.00,595.20,"5,952.00",2024-04-04
642,HRL,2024040405001292,22,47,20.00,595.70,"11,914.00",2024-04-04
643,HRL,2024040405001293,22,59,10.00,595.80,"5,958.00",2024-04-04
644,HRL,2024040405001294,22,81,160.00,595.90,"95,344.00",2024-04-04
645,HRL,2024040405001297,57,45,10.00,595.00,"5,950.00",2024-04-04
646,HRL,2024040405001298,57,45,10.00,595.00,"5,950.00",2024-04-04
647,HRL,2024040405001301,57,22,20.00,595.00,"11,900.00",2024-04-04
648,HRL,2024040405001307,58,45,50.00,595.80,"29,790.00",2024-04-04
649,HRL,2024040405001309,29,45,50.00,595.80,"29,790.00",2024-04-04
650,HRL,2024040405001310,29,34,20.00,595.80,"11,916.00",2024-04-04
651,HRL,2024040405001312,29,35,30.00,595.80,"17,874.00",2024-04-04
652,HRL,2024040405001324,29,49,10.00,595.80,"5,958.00",2024-04-04
653,HRL,2024040405001325,29,49,20.00,595.80,"11,916.00",2024-04-04
654,HRL,2024040405001326,29,46,20.00,595.80,"11,916.00",2024-04-04
655,HRL,2024040405001330,29,47,10.00,595.80,"5,958.00",2024-04-04
656,HRL,2024040405001331,22,11,10.00,595.80,"5,958.00",2024-04-04
657,HRL,2024040405001336,22,57,10.00,595.80,"5,958.00",2024-04-04
658,HRL,2024040405001338,38,81,10.00,595.90,"5,959.00",2024-04-04
659,HRL,2024040405001343,36,81,200.00,595.90,"119,180.00",2024-04-04
660,HRL,2024040405001348,55,49,100.00,595.70,"59,570.00",2024-04-04
661,HRL,2024040405001349,55,35,10.00,595.70,"5,957.00",2024-04-04
662,HRL,2024040405001355,55,58,10.00,595.70,"5,957.00",2024-04-04
663,HRL,2024040405001357,55,49,10.00,595.70,"5,957.00",2024-04-04
664,HRL,2024040405001358,55,47,10.00,595.70,"5,957.00",2024-04-04
665,HRL,2024040405001359,55,38,10.00,595.70,"5,957.00",2024-04-04
666,HRL,2024040405001366,55,22,100.00,595.70,"59,570.00",2024-04-04
667,HRL,2024040405001367,57,38,10.00,595.00,"5,950.00",2024-04-04
668,HRL,2024040405001370,57,38,10.00,595.00,"5,950.00",2024-04-04
669,HRL,2024040405001372,57,50,20.00,595.00,"11,900.00",2024-04-04
670,HRL,2024040405001373,57,38,10.00,595.00,"5,950.00",2024-04-04
671,HRL,2024040405001375,57,16,20.00,595.00,"11,900.00",2024-04-04
672,HRL,2024040405001376,57,4,10.00,595.00,"5,950.00",2024-04-04
673,HRL,2024040405001377,57,25,10.00,595.00,"5,950.00",2024-04-04
674,HRL,2024040405001379,57,8,40.00,595.00,"23,800.00",2024-04-04
675,HRL,2024040405001382,57,38,10.00,595.00,"5,950.00",2024-04-04
676,HRL,2024040405001383,57,38,10.00,595.00,"5,950.00",2024-04-04
677,HRL,2024040405001384,57,4,10.00,595.00,"5,950.00",2024-04-04
678,HRL,2024040405001385,57,32,10.00,595.00,"5,950.00",2024-04-04
679,HRL,2024040405001386,38,32,10.00,595.00,"5,950.00",2024-04-04
680,HRL,2024040405001389,38,50,10.00,595.00,"5,950.00",2024-04-04
681,HRL,2024040405001390,38,28,20.00,595.00,"11,900.00",2024-04-04
682,HRL,2024040405001391,38,38,10.00,595.00,"5,950.00",2024-04-04
683,HRL,2024040405001394,38,38,10.00,595.00,"5,950.00",2024-04-04
684,HRL,2024040405001395,38,4,30.00,595.00,"17,850.00",2024-04-04
685,HRL,2024040405001396,38,41,30.00,595.00,"17,850.00",2024-04-04
686,HRL,2024040405001397,38,38,10.00,595.00,"5,950.00",2024-04-04
687,HRL,2024040405001398,38,35,10.00,595.00,"5,950.00",2024-04-04
688,HRL,2024040405001399,38,17,10.00,595.00,"5,950.00",2024-04-04
689,HRL,2024040405001400,38,3,30.00,595.00,"17,850.00",2024-04-04
690,HRL,2024040405001401,81,10,10.00,595.00,"5,950.00",2024-04-04
691,HRL,2024040405001402,37,22,20.00,594.20,"11,884.00",2024-04-04
692,HRL,2024040405001405,37,22,20.00,594.20,"11,884.00",2024-04-04
693,HRL,2024040405001408,37,49,10.00,594.20,"5,942.00",2024-04-04
694,HRL,2024040405001409,37,17,10.00,594.20,"5,942.00",2024-04-04
695,HRL,2024040405001411,37,67,30.00,594.20,"17,826.00",2024-04-04
696,HRL,2024040405001412,37,58,10.00,594.20,"5,942.00",2024-04-04
697,HRL,2024040405001413,55,22,20.00,594.10,"11,882.00",2024-04-04
698,HRL,2024040405001416,55,25,10.00,594.10,"5,941.00",2024-04-04
699,HRL,2024040405001417,55,58,20.00,594.10,"11,882.00",2024-04-04
700,HRL,2024040405001418,55,22,20.00,594.10,"11,882.00",2024-04-04
701,HRL,2024040405001419,55,28,180.00,594.10,"106,938.00",2024-04-04
702,HRL,2024040405001420,17,28,200.00,594.10,"118,820.00",2024-04-04
703,HRL,2024040405001421,47,28,60.00,594.10,"35,646.00",2024-04-04
704,HRL,2024040405001422,55,49,10.00,594.00,"5,940.00",2024-04-04
705,HRL,2024040405001423,14,28,60.00,594.10,"35,646.00",2024-04-04
706,HRL,2024040405001424,14,3,10.00,594.10,"5,941.00",2024-04-04
707,HRL,2024040405001425,14,16,30.00,594.10,"17,823.00",2024-04-04
708,HRL,2024040405001436,14,1,20.00,594.10,"11,882.00",2024-04-04
709,HRL,2024040405001437,14,32,10.00,594.10,"5,941.00",2024-04-04
710,HRL,2024040405001440,14,58,10.00,594.10,"5,941.00",2024-04-04
711,HRL,2024040405001445,14,25,30.00,594.10,"17,823.00",2024-04-04
712,HRL,2024040405001447,14,58,420.00,594.10,"249,522.00",2024-04-04
713,HRL,2024040405001448,55,58,"1,580.00",594.00,"938,520.00",2024-04-04
714,HRL,2024040405001451,55,37,10.00,594.00,"5,940.00",2024-04-04
715,HRL,2024040405001452,55,38,10.00,594.00,"5,940.00",2024-04-04
716,HRL,2024040405001454,55,34,10.00,594.00,"5,940.00",2024-04-04
717,HRL,2024040405001455,55,51,40.00,594.00,"23,760.00",2024-04-04
718,HRL,2024040405001461,55,35,10.00,594.00,"5,940.00",2024-04-04
719,HRL,2024040405001466,55,22,20.00,594.00,"11,880.00",2024-04-04
720,HRL,2024040405001468,55,45,20.00,594.00,"11,880.00",2024-04-04
721,HRL,2024040405001469,55,38,10.00,594.00,"5,940.00",2024-04-04
722,HRL,2024040405001471,55,25,51.00,594.00,"30,294.00",2024-04-04
723,HRL,2024040405001472,34,25,10.00,594.00,"5,940.00",2024-04-04
724,HRL,2024040405001473,46,25,120.00,594.00,"71,280.00",2024-04-04
725,HRL,2024040405001474,29,25,20.00,594.00,"11,880.00",2024-04-04
726,HRL,2024040405001475,38,25,200.00,594.00,"118,800.00",2024-04-04
727,HRL,2024040405001476,33,25,500.00,594.00,"297,000.00",2024-04-04
728,HRL,2024040405001477,58,25,30.00,594.00,"17,820.00",2024-04-04
729,HRL,2024040405001478,1,25,69.00,594.00,"40,986.00",2024-04-04
730,HRL,2024040405001479,1,38,10.00,594.00,"5,940.00",2024-04-04
731,HRL,2024040405001480,1,47,10.00,594.00,"5,940.00",2024-04-04
732,HRL,2024040405001481,1,19,10.00,594.00,"5,940.00",2024-04-04
733,HRL,2024040405001483,29,58,10.00,594.00,"5,940.00",2024-04-04
734,HRL,2024040405001484,29,38,10.00,594.00,"5,940.00",2024-04-04
735,HRL,2024040405001485,29,29,30.00,594.00,"17,820.00",2024-04-04
736,HRL,2024040405001486,29,40,10.00,594.00,"5,940.00",2024-04-04
737,HRL,2024040405001487,38,58,10.00,594.10,"5,941.00",2024-04-04
738,HRL,2024040405001488,29,38,10.00,594.00,"5,940.00",2024-04-04
739,HRL,2024040405001490,29,38,10.00,594.00,"5,940.00",2024-04-04
740,HRL,2024040405001493,29,25,10.00,594.00,"5,940.00",2024-04-04
741,HRL,2024040405001494,29,38,10.00,594.00,"5,940.00",2024-04-04
742,HRL,2024040405001496,29,56,10.00,594.00,"5,940.00",2024-04-04
743,HRL,2024040405001497,29,34,10.00,594.00,"5,940.00",2024-04-04
744,HRL,2024040405001502,29,38,10.00,594.00,"5,940.00",2024-04-04
745,HRL,2024040405001503,29,58,40.00,594.00,"23,760.00",2024-04-04
746,HRL,2024040405001504,58,58,56.00,594.00,"33,264.00",2024-04-04
747,HRL,2024040405001505,35,58,54.00,594.00,"32,076.00",2024-04-04
748,HRL,2024040405001509,35,38,10.00,594.00,"5,940.00",2024-04-04
749,HRL,2024040405001510,35,58,10.00,594.00,"5,940.00",2024-04-04
750,HRL,2024040405001511,35,38,10.00,594.00,"5,940.00",2024-04-04
751,HRL,2024040405001512,35,38,10.00,594.00,"5,940.00",2024-04-04
752,HRL,2024040405001513,35,42,20.00,594.00,"11,880.00",2024-04-04
753,HRL,2024040405001515,35,44,10.00,594.00,"5,940.00",2024-04-04
754,HRL,2024040405001516,51,35,10.00,594.60,"5,946.00",2024-04-04
755,HRL,2024040405001517,51,55,10.00,594.60,"5,946.00",2024-04-04
756,HRL,2024040405001518,51,6,20.00,595.00,"11,900.00",2024-04-04
757,HRL,2024040405001519,51,32,20.00,595.00,"11,900.00",2024-04-04
758,HRL,2024040405001520,51,33,40.00,595.00,"23,800.00",2024-04-04
759,HRL,2024040405001521,35,38,10.00,594.00,"5,940.00",2024-04-04
760,HRL,2024040405001525,35,38,10.00,594.00,"5,940.00",2024-04-04
761,HRL,2024040405001528,35,22,20.00,594.00,"11,880.00",2024-04-04
762,HRL,2024040405001529,38,33,10.00,595.00,"5,950.00",2024-04-04
763,HRL,2024040405001530,38,49,10.00,595.00,"5,950.00",2024-04-04
764,HRL,2024040405001531,38,55,10.00,595.00,"5,950.00",2024-04-04
765,HRL,2024040405001532,35,38,10.00,594.00,"5,940.00",2024-04-04
766,HRL,2024040405001533,35,22,20.00,594.00,"11,880.00",2024-04-04
767,HRL,2024040405001536,38,38,10.00,594.00,"5,940.00",2024-04-04
768,HRL,2024040405001537,38,58,10.00,594.00,"5,940.00",2024-04-04
769,HRL,2024040405001539,38,38,10.00,594.00,"5,940.00",2024-04-04
770,HRL,2024040405001540,38,35,10.00,594.00,"5,940.00",2024-04-04
771,HRL,2024040405001542,38,34,20.00,594.00,"11,880.00",2024-04-04
772,HRL,2024040405001543,38,38,10.00,594.00,"5,940.00",2024-04-04
773,HRL,2024040405001546,38,34,20.00,594.00,"11,880.00",2024-04-04
774,HRL,2024040405001548,38,66,10.00,594.00,"5,940.00",2024-04-04
775,HRL,2024040405001549,58,66,10.00,594.00,"5,940.00",2024-04-04
776,HRL,2024040405001550,58,66,10.00,594.00,"5,940.00",2024-04-04
777,HRL,2024040405001551,58,38,10.00,594.00,"5,940.00",2024-04-04
778,HRL,2024040405001560,58,21,10.00,594.00,"5,940.00",2024-04-04
779,HRL,2024040405001561,58,58,10.00,594.00,"5,940.00",2024-04-04
780,HRL,2024040405001562,58,35,40.00,594.00,"23,760.00",2024-04-04
781,HRL,2024040405001564,58,45,10.00,594.00,"5,940.00",2024-04-04
782,HRL,2024040405001565,58,38,10.00,594.00,"5,940.00",2024-04-04
783,HRL,2024040405001567,41,38,10.00,593.60,"5,936.00",2024-04-04
784,HRL,2024040405001570,41,10,20.00,593.60,"11,872.00",2024-04-04
785,HRL,2024040405001571,55,10,10.00,593.60,"5,936.00",2024-04-04
786,HRL,2024040405001572,55,41,20.00,593.60,"11,872.00",2024-04-04
787,HRL,2024040405001583,29,38,10.00,593.70,"5,937.00",2024-04-04
788,HRL,2024040405001584,29,34,10.00,593.70,"5,937.00",2024-04-04
789,HRL,2024040405001590,29,45,20.00,593.70,"11,874.00",2024-04-04
790,HRL,2024040405001596,29,34,10.00,593.70,"5,937.00",2024-04-04
791,HRL,2024040405001600,55,51,20.00,593.60,"11,872.00",2024-04-04
792,HRL,2024040405001603,55,55,10.00,593.60,"5,936.00",2024-04-04
793,HRL,2024040405001607,5,35,10.00,593.70,"5,937.00",2024-04-04
794,HRL,2024040405001610,25,22,30.00,594.00,"17,820.00",2024-04-04
795,HRL,2024040405001613,25,19,20.00,594.00,"11,880.00",2024-04-04
796,HRL,2024040405001614,25,17,10.00,594.00,"5,940.00",2024-04-04
797,HRL,2024040405001615,25,38,10.00,594.00,"5,940.00",2024-04-04
798,HRL,2024040405001616,5,6,10.00,593.70,"5,937.00",2024-04-04
799,HRL,2024040405001617,33,38,10.00,593.80,"5,938.00",2024-04-04
800,HRL,2024040405001618,33,8,10.00,593.80,"5,938.00",2024-04-04
801,HRL,2024040405001621,33,34,20.00,593.80,"11,876.00",2024-04-04
802,HRL,2024040405001622,33,38,10.00,593.80,"5,938.00",2024-04-04
803,HRL,2024040405001624,33,38,10.00,593.80,"5,938.00",2024-04-04
804,HRL,2024040405001625,33,58,10.00,593.80,"5,938.00",2024-04-04
805,HRL,2024040405001627,33,38,10.00,593.80,"5,938.00",2024-04-04
806,HRL,2024040405001630,33,38,10.00,593.80,"5,938.00",2024-04-04
807,HRL,2024040405001634,33,38,10.00,593.80,"5,938.00",2024-04-04
808,HRL,2024040405001639,41,38,10.00,593.80,"5,938.00",2024-04-04
809,HRL,2024040405001640,41,58,20.00,593.80,"11,876.00",2024-04-04
810,HRL,2024040405001641,41,38,10.00,593.80,"5,938.00",2024-04-04
811,HRL,2024040405001648,41,38,10.00,593.80,"5,938.00",2024-04-04
812,HRL,2024040405001649,5,38,10.00,593.70,"5,937.00",2024-04-04
813,HRL,2024040405001650,32,17,10.00,593.80,"5,938.00",2024-04-04
814,HRL,2024040405001651,32,38,10.00,593.80,"5,938.00",2024-04-04
815,HRL,2024040405001653,32,38,10.00,593.80,"5,938.00",2024-04-04
816,HRL,2024040405001655,32,54,20.00,593.80,"11,876.00",2024-04-04
817,HRL,2024040405001657,5,38,10.00,593.70,"5,937.00",2024-04-04
818,HRL,2024040405001658,5,63,20.00,593.70,"11,874.00",2024-04-04
819,HRL,2024040405001659,5,58,20.00,593.70,"11,874.00",2024-04-04
820,HRL,2024040405001660,5,38,10.00,593.70,"5,937.00",2024-04-04
821,HRL,2024040405001663,5,38,10.00,593.70,"5,937.00",2024-04-04
822,HRL,2024040405001664,25,35,10.00,593.80,"5,938.00",2024-04-04
823,HRL,2024040405001665,25,49,10.00,594.00,"5,940.00",2024-04-04
824,HRL,2024040405001667,25,38,10.00,594.00,"5,940.00",2024-04-04
825,HRL,2024040405001668,25,34,30.00,594.00,"17,820.00",2024-04-04
826,HRL,2024040405001670,25,38,10.00,594.00,"5,940.00",2024-04-04
827,HRL,2024040405001675,25,52,10.00,594.00,"5,940.00",2024-04-04
828,HRL,2024040405001677,25,38,10.00,594.00,"5,940.00",2024-04-04
829,HRL,2024040405001679,25,38,10.00,594.00,"5,940.00",2024-04-04
830,HRL,2024040405001680,25,51,30.00,594.00,"17,820.00",2024-04-04
831,HRL,2024040405001681,25,38,10.00,594.00,"5,940.00",2024-04-04
832,HRL,2024040405001682,25,28,10.00,594.00,"5,940.00",2024-04-04
833,HRL,2024040405001683,25,38,10.00,594.00,"5,940.00",2024-04-04
834,HRL,2024040405001696,25,38,10.00,594.00,"5,940.00",2024-04-04
835,HRL,2024040405001697,25,49,10.00,594.00,"5,940.00",2024-04-04
836,HRL,2024040405001699,25,38,10.00,594.00,"5,940.00",2024-04-04
837,HRL,2024040405001701,25,47,10.00,594.00,"5,940.00",2024-04-04
838,HRL,2024040405001702,25,49,20.00,594.00,"11,880.00",2024-04-04
839,HRL,2024040405001703,25,38,10.00,594.00,"5,940.00",2024-04-04
840,HRL,2024040405001705,25,56,10.00,594.00,"5,940.00",2024-04-04
841,HRL,2024040405001707,25,38,10.00,594.00,"5,940.00",2024-04-04
842,HRL,2024040405001710,25,38,10.00,594.00,"5,940.00",2024-04-04
843,HRL,2024040405001715,25,56,10.00,594.00,"5,940.00",2024-04-04
844,HRL,2024040405001719,25,38,10.00,594.00,"5,940.00",2024-04-04
845,HRL,2024040405001720,25,38,10.00,594.00,"5,940.00",2024-04-04
846,HRL,2024040405001722,25,58,10.00,594.00,"5,940.00",2024-04-04
847,HRL,2024040405001724,25,33,10.00,594.00,"5,940.00",2024-04-04
848,HRL,2024040405001725,25,38,10.00,594.00,"5,940.00",2024-04-04
849,HRL,2024040405001727,25,38,10.00,594.00,"5,940.00",2024-04-04
850,HRL,2024040405001734,25,38,10.00,594.00,"5,940.00",2024-04-04
851,HRL,2024040405001736,25,47,10.00,594.00,"5,940.00",2024-04-04
852,HRL,2024040405001739,25,38,10.00,594.00,"5,940.00",2024-04-04
853,HRL,2024040405001740,25,57,10.00,594.00,"5,940.00",2024-04-04
854,HRL,2024040405001741,25,38,10.00,594.00,"5,940.00",2024-04-04
855,HRL,2024040405001742,25,52,10.00,594.00,"5,940.00",2024-04-04
856,HRL,2024040405001744,25,58,20.00,594.00,"11,880.00",2024-04-04
857,HRL,2024040405001745,25,49,10.00,594.00,"5,940.00",2024-04-04
858,HRL,2024040405001747,25,25,20.00,594.00,"11,880.00",2024-04-04
859,HRL,2024040405001748,25,16,10.00,594.00,"5,940.00",2024-04-04
860,HRL,2024040405001749,25,51,30.00,594.00,"17,820.00",2024-04-04
861,HRL,2024040405001750,25,58,10.00,594.00,"5,940.00",2024-04-04
862,HRL,2024040405001752,25,38,10.00,594.00,"5,940.00",2024-04-04
863,HRL,2024040405001754,42,21,55.00,594.50,"32,697.50",2024-04-04
864,HRL,2024040405001755,42,35,180.00,594.50,"107,010.00",2024-04-04
865,HRL,2024040405001756,42,49,20.00,594.60,"11,892.00",2024-04-04
866,HRL,2024040405001757,42,45,10.00,594.80,"5,948.00",2024-04-04
867,HRL,2024040405001758,42,21,10.00,594.90,"5,949.00",2024-04-04
868,HRL,2024040405001759,42,4,10.00,594.90,"5,949.00",2024-04-04
869,HRL,2024040405001760,42,35,10.00,594.90,"5,949.00",2024-04-04
870,HRL,2024040405001761,42,46,10.00,594.90,"5,949.00",2024-04-04
871,HRL,2024040405001762,42,38,10.00,594.90,"5,949.00",2024-04-04
872,HRL,2024040405001764,42,38,10.00,594.90,"5,949.00",2024-04-04
873,HRL,2024040405001766,42,58,10.00,594.90,"5,949.00",2024-04-04
874,HRL,2024040405001767,42,50,20.00,594.90,"11,898.00",2024-04-04
875,HRL,2024040405001769,42,21,45.00,594.90,"26,770.50",2024-04-04
876,HRL,2024040405001770,58,21,20.00,594.00,"11,880.00",2024-04-04
877,HRL,2024040405001771,58,21,80.00,594.00,"47,520.00",2024-04-04
878,HRL,2024040405001772,52,21,115.00,594.00,"68,310.00",2024-04-04
879,HRL,2024040405001773,52,38,10.00,594.00,"5,940.00",2024-04-04
880,HRL,2024040405001776,52,38,10.00,594.00,"5,940.00",2024-04-04
881,HRL,2024040405001777,52,56,10.00,594.00,"5,940.00",2024-04-04
882,HRL,2024040405001778,52,49,10.00,594.00,"5,940.00",2024-04-04
883,HRL,2024040405001780,52,38,10.00,594.00,"5,940.00",2024-04-04
884,HRL,2024040405001783,52,49,10.00,594.00,"5,940.00",2024-04-04
885,HRL,2024040405001785,52,22,10.00,594.00,"5,940.00",2024-04-04
886,HRL,2024040405001787,13,42,10.00,594.30,"5,943.00",2024-04-04
887,HRL,2024040405001788,13,38,10.00,594.40,"5,944.00",2024-04-04
888,HRL,2024040405001789,13,55,495.00,595.00,"294,525.00",2024-04-04
889,HRL,2024040405001790,13,32,20.00,595.00,"11,900.00",2024-04-04
890,HRL,2024040405001791,13,38,10.00,595.00,"5,950.00",2024-04-04
891,HRL,2024040405001792,13,58,10.00,595.00,"5,950.00",2024-04-04
892,HRL,2024040405001793,13,34,10.00,595.00,"5,950.00",2024-04-04
893,HRL,2024040405001794,13,33,10.00,595.00,"5,950.00",2024-04-04
894,HRL,2024040405001795,13,54,20.00,595.00,"11,900.00",2024-04-04
895,HRL,2024040405001796,13,34,20.00,595.00,"11,900.00",2024-04-04
896,HRL,2024040405001797,13,32,30.00,595.00,"17,850.00",2024-04-04
897,HRL,2024040405001798,13,14,20.00,595.00,"11,900.00",2024-04-04
898,HRL,2024040405001799,13,58,30.00,595.00,"17,850.00",2024-04-04
899,HRL,2024040405001800,13,34,20.00,595.00,"11,900.00",2024-04-04
900,HRL,2024040405001801,13,22,30.00,595.00,"17,850.00",2024-04-04
901,HRL,2024040405001802,13,42,10.00,595.00,"5,950.00",2024-04-04
902,HRL,2024040405001803,13,58,10.00,595.00,"5,950.00",2024-04-04
903,HRL,2024040405001804,13,57,20.00,595.00,"11,900.00",2024-04-04
904,HRL,2024040405001805,13,34,10.00,595.00,"5,950.00",2024-04-04
905,HRL,2024040405001806,13,32,30.00,595.00,"17,850.00",2024-04-04
906,HRL,2024040405001807,13,49,10.00,595.00,"5,950.00",2024-04-04
907,HRL,2024040405001808,13,22,10.00,595.00,"5,950.00",2024-04-04
908,HRL,2024040405001809,13,35,10.00,595.00,"5,950.00",2024-04-04
909,HRL,2024040405001810,13,45,20.00,595.00,"11,900.00",2024-04-04
910,HRL,2024040405001811,13,58,20.00,595.00,"11,900.00",2024-04-04
911,HRL,2024040405001812,13,45,20.00,595.00,"11,900.00",2024-04-04
912,HRL,2024040405001813,13,34,10.00,595.00,"5,950.00",2024-04-04
913,HRL,2024040405001814,13,35,10.00,595.00,"5,950.00",2024-04-04
914,HRL,2024040405001815,13,58,10.00,595.00,"5,950.00",2024-04-04
915,HRL,2024040405001816,13,41,10.00,595.00,"5,950.00",2024-04-04
916,HRL,2024040405001817,13,94,10.00,595.00,"5,950.00",2024-04-04
917,HRL,2024040405001818,13,38,10.00,595.00,"5,950.00",2024-04-04
918,HRL,2024040405001819,13,58,10.00,595.00,"5,950.00",2024-04-04
919,HRL,2024040405001820,13,22,15.00,595.00,"8,925.00",2024-04-04
920,HRL,2024040405001821,29,22,15.00,595.00,"8,925.00",2024-04-04
921,HRL,2024040405001822,29,11,20.00,595.00,"11,900.00",2024-04-04
922,HRL,2024040405001823,29,46,10.00,595.00,"5,950.00",2024-04-04
923,HRL,2024040405001824,29,58,10.00,595.00,"5,950.00",2024-04-04
924,HRL,2024040405001825,29,49,10.00,595.00,"5,950.00",2024-04-04
925,HRL,2024040405001826,29,38,10.00,595.00,"5,950.00",2024-04-04
926,HRL,2024040405001830,29,79,10.00,595.00,"5,950.00",2024-04-04
927,HRL,2024040405001833,29,58,100.00,595.00,"59,500.00",2024-04-04
928,HRL,2024040405001834,29,38,10.00,595.00,"5,950.00",2024-04-04
929,HRL,2024040405001838,29,58,10.00,595.00,"5,950.00",2024-04-04
930,HRL,2024040405001843,29,51,20.00,595.00,"11,900.00",2024-04-04
931,HRL,2024040405001844,29,63,10.00,595.00,"5,950.00",2024-04-04
932,HRL,2024040405001845,29,94,10.00,595.00,"5,950.00",2024-04-04
933,HRL,2024040405001846,29,38,10.00,595.00,"5,950.00",2024-04-04
934,HRL,2024040405001848,29,55,45.00,595.00,"26,775.00",2024-04-04
935,HRL,2024040405001849,52,38,10.00,594.00,"5,940.00",2024-04-04
936,HRL,2024040405001855,52,59,10.00,594.00,"5,940.00",2024-04-04
937,HRL,2024040405001856,52,38,10.00,594.00,"5,940.00",2024-04-04
938,HRL,2024040405001858,52,38,10.00,594.00,"5,940.00",2024-04-04
939,HRL,2024040405001860,52,38,10.00,594.00,"5,940.00",2024-04-04
940,HRL,2024040405001863,52,50,30.00,594.00,"17,820.00",2024-04-04
941,HRL,2024040405001865,52,38,10.00,594.00,"5,940.00",2024-04-04
942,HRL,2024040405001871,52,38,10.00,594.00,"5,940.00",2024-04-04
943,HRL,2024040405001874,52,38,10.00,594.00,"5,940.00",2024-04-04
944,HRL,2024040405001890,52,19,30.00,594.00,"17,820.00",2024-04-04
945,HRL,2024040405001891,21,56,20.00,594.50,"11,890.00",2024-04-04
946,HRL,2024040405001892,21,49,10.00,594.50,"5,945.00",2024-04-04
947,HRL,2024040405001893,52,44,10.00,594.00,"5,940.00",2024-04-04
948,HRL,2024040405001897,21,58,10.00,594.10,"5,941.00",2024-04-04
949,HRL,2024040405001898,21,17,10.00,594.10,"5,941.00",2024-04-04
950,HRL,2024040405001899,21,34,10.00,594.10,"5,941.00",2024-04-04
951,HRL,2024040405001902,21,34,10.00,594.10,"5,941.00",2024-04-04
952,HRL,2024040405001903,21,45,60.00,594.10,"35,646.00",2024-04-04
953,HRL,2024040405001904,52,45,365.00,594.00,"216,810.00",2024-04-04
954,HRL,2024040405001905,42,45,24.00,594.00,"14,256.00",2024-04-04
955,HRL,2024040405001906,4,45,25.00,594.00,"14,850.00",2024-04-04
956,HRL,2024040405001907,21,45,25.00,594.00,"14,850.00",2024-04-04
957,HRL,2024040405001908,4,45,100.00,594.00,"59,400.00",2024-04-04
958,HRL,2024040405001909,1,45,1.00,594.00,594.00,2024-04-04
959,HRL,2024040405001910,47,34,10.00,594.00,"5,940.00",2024-04-04
960,HRL,2024040405001911,56,56,20.00,594.60,"11,892.00",2024-04-04
961,HRL,2024040405001912,56,35,10.00,594.90,"5,949.00",2024-04-04
962,HRL,2024040405001913,56,58,10.00,594.90,"5,949.00",2024-04-04
963,HRL,2024040405001914,56,58,10.00,594.90,"5,949.00",2024-04-04
964,HRL,2024040405001915,13,34,10.00,594.00,"5,940.00",2024-04-04
965,HRL,2024040405001916,13,35,10.00,594.00,"5,940.00",2024-04-04
966,HRL,2024040405001917,13,38,10.00,594.00,"5,940.00",2024-04-04
967,HRL,2024040405001918,13,58,10.00,594.00,"5,940.00",2024-04-04
968,HRL,2024040405001919,13,36,20.00,594.00,"11,880.00",2024-04-04
969,HRL,2024040405001920,13,58,40.00,594.00,"23,760.00",2024-04-04
970,HRL,2024040405001921,19,58,50.00,594.00,"29,700.00",2024-04-04
971,HRL,2024040405001922,54,58,10.00,594.00,"5,940.00",2024-04-04
972,HRL,2024040405001923,21,34,10.00,593.90,"5,939.00",2024-04-04
973,HRL,2024040405001924,13,58,50.00,594.00,"29,700.00",2024-04-04
974,HRL,2024040405001925,58,58,20.00,594.00,"11,880.00",2024-04-04
975,HRL,2024040405001930,21,34,10.00,593.90,"5,939.00",2024-04-04
976,HRL,2024040405001933,21,44,10.00,593.90,"5,939.00",2024-04-04
977,HRL,2024040405001934,21,34,10.00,593.90,"5,939.00",2024-04-04
978,HRL,2024040405001935,22,58,200.00,594.00,"118,800.00",2024-04-04
979,HRL,2024040405001936,21,58,20.00,593.90,"11,878.00",2024-04-04
980,HRL,2024040405001937,21,6,20.00,593.90,"11,878.00",2024-04-04
981,HRL,2024040405001940,22,53,20.00,593.80,"11,876.00",2024-04-04
982,HRL,2024040405001941,22,34,10.00,593.80,"5,938.00",2024-04-04
983,HRL,2024040405001943,22,43,20.00,593.80,"11,876.00",2024-04-04
984,HRL,2024040405001944,34,54,10.00,593.80,"5,938.00",2024-04-04
985,HRL,2024040405001954,34,39,10.00,593.80,"5,938.00",2024-04-04
986,HRL,2024040405001958,34,52,10.00,593.80,"5,938.00",2024-04-04
987,HRL,2024040405001959,34,6,10.00,593.80,"5,938.00",2024-04-04
988,HRL,2024040405001960,34,48,10.00,593.80,"5,938.00",2024-04-04
989,HRL,2024040405001965,21,35,10.00,593.90,"5,939.00",2024-04-04
990,HRL,2024040405001966,21,41,200.00,593.90,"118,780.00",2024-04-04
991,HRL,2024040405001967,34,58,20.00,593.80,"11,876.00",2024-04-04
992,HRL,2024040405001968,34,52,10.00,593.80,"5,938.00",2024-04-04
993,HRL,2024040405001970,49,58,465.00,594.00,"276,210.00",2024-04-04
994,HRL,2024040405001971,49,34,10.00,594.00,"5,940.00",2024-04-04
995,HRL,2024040405001972,49,35,10.00,594.00,"5,940.00",2024-04-04
996,HRL,2024040405001973,49,58,20.00,594.00,"11,880.00",2024-04-04
997,HRL,2024040405001974,49,48,110.00,594.00,"65,340.00",2024-04-04
998,HRL,2024040405001975,49,28,10.00,594.00,"5,940.00",2024-04-04
999,HRL,2024040405001976,49,41,10.00,594.00,"5,940.00",2024-04-04
1000,HRL,2024040405001977,49,49,10.00,594.00,"5,940.00",2024-04-04
1001,HRL,2024040405001978,34,52,10.00,593.80,"5,938.00",2024-04-04
1002,HRL,2024040405001979,34,42,10.00,593.80,"5,938.00",2024-04-04
1003,HRL,2024040405001980,45,42,10.00,593.80,"5,938.00",2024-04-04
1004,HRL,2024040405001981,54,58,10.00,593.80,"5,938.00",2024-04-04
1005,HRL,2024040405001984,16,42,10.00,593.90,"5,939.00",2024-04-04
1006,HRL,2024040405001988,16,32,40.00,593.90,"23,756.00",2024-04-04
1007,HRL,2024040405001989,54,32,10.00,593.80,"5,938.00",2024-04-04
1008,HRL,2024040405001991,37,45,20.00,594.00,"11,880.00",2024-04-04
1009,HRL,2024040405001995,37,42,20.00,594.00,"11,880.00",2024-04-04
1010,HRL,2024040405001998,37,58,20.00,594.00,"11,880.00",2024-04-04
1011,HRL,2024040405002001,37,33,10.00,594.00,"5,940.00",2024-04-04
1012,HRL,2024040405002003,54,42,20.00,593.80,"11,876.00",2024-04-04
1013,HRL,2024040405002016,54,22,20.00,593.80,"11,876.00",2024-04-04
1014,HRL,2024040405002018,21,49,20.00,594.00,"11,880.00",2024-04-04
1015,HRL,2024040405002025,54,21,30.00,593.80,"17,814.00",2024-04-04
1016,HRL,2024040405002026,54,42,10.00,593.80,"5,938.00",2024-04-04
1017,HRL,2024040405002028,54,22,20.00,593.80,"11,876.00",2024-04-04
1018,HRL,2024040405002029,21,48,30.00,594.00,"17,820.00",2024-04-04
1019,HRL,2024040405002030,21,25,10.00,594.00,"5,940.00",2024-04-04
1020,HRL,2024040405002031,21,57,10.00,594.00,"5,940.00",2024-04-04
1021,HRL,2024040405002032,21,55,20.00,594.00,"11,880.00",2024-04-04
1022,HRL,2024040405002033,21,50,10.00,594.00,"5,940.00",2024-04-04
1023,HRL,2024040405002035,14,52,10.00,593.90,"5,939.00",2024-04-04
1024,HRL,2024040405002036,54,29,10.00,593.80,"5,938.00",2024-04-04
1025,HRL,2024040405002037,54,22,20.00,593.80,"11,876.00",2024-04-04
1026,HRL,2024040405002040,42,38,10.00,594.00,"5,940.00",2024-04-04
1027,HRL,2024040405002041,42,42,10.00,594.00,"5,940.00",2024-04-04
1028,HRL,2024040405002042,42,17,10.00,594.00,"5,940.00",2024-04-04
1029,HRL,2024040405002043,50,17,10.00,593.90,"5,939.00",2024-04-04
1030,HRL,2024040405002048,38,22,20.00,593.90,"11,878.00",2024-04-04
1031,HRL,2024040405002049,21,49,20.00,594.00,"11,880.00",2024-04-04
1032,HRL,2024040405002050,21,35,10.00,594.00,"5,940.00",2024-04-04
1033,HRL,2024040405002060,21,47,200.00,594.00,"118,800.00",2024-04-04
1034,HRL,2024040405002061,38,29,10.00,593.90,"5,939.00",2024-04-04
1035,HRL,2024040405002062,38,17,10.00,593.90,"5,939.00",2024-04-04
1036,HRL,2024040405002063,38,42,20.00,593.90,"11,878.00",2024-04-04
1037,HRL,2024040405002064,38,51,20.00,593.90,"11,878.00",2024-04-04
1038,HRL,2024040405002073,38,49,10.00,593.90,"5,939.00",2024-04-04
1039,HRL,2024040405002075,38,19,20.00,593.90,"11,878.00",2024-04-04
1040,HRL,2024040405002077,45,29,10.00,594.00,"5,940.00",2024-04-04
1041,HRL,2024040405002078,45,49,10.00,594.00,"5,940.00",2024-04-04
1042,HRL,2024040405002089,45,22,10.00,594.00,"5,940.00",2024-04-04
1043,HRL,2024040405002093,45,42,10.00,594.00,"5,940.00",2024-04-04
1044,HRL,2024040405002096,45,42,10.00,594.00,"5,940.00",2024-04-04
1045,HRL,2024040405002097,45,58,10.00,594.00,"5,940.00",2024-04-04
1046,HRL,2024040405002098,45,49,10.00,594.00,"5,940.00",2024-04-04
1047,HRL,2024040405002101,45,34,10.00,594.00,"5,940.00",2024-04-04
1048,HRL,2024040405002105,45,22,30.00,594.00,"17,820.00",2024-04-04
1049,HRL,2024040405002108,44,55,20.00,594.50,"11,890.00",2024-04-04
1050,HRL,2024040405002109,44,21,10.00,594.80,"5,948.00",2024-04-04
1051,HRL,2024040405002110,44,58,10.00,594.90,"5,949.00",2024-04-04
1052,HRL,2024040405002111,44,55,80.00,595.00,"47,600.00",2024-04-04
1053,HRL,2024040405002114,45,22,30.00,594.00,"17,820.00",2024-04-04
1054,HRL,2024040405002115,38,22,10.00,593.90,"5,939.00",2024-04-04
1055,HRL,2024040405002117,38,11,80.00,593.90,"47,512.00",2024-04-04
1056,HRL,2024040405002118,25,11,40.00,593.80,"23,752.00",2024-04-04
1057,HRL,2024040405002122,25,55,10.00,593.80,"5,938.00",2024-04-04
1058,HRL,2024040405002123,25,26,20.00,593.80,"11,876.00",2024-04-04
1059,HRL,2024040405002126,34,39,10.00,593.80,"5,938.00",2024-04-04
1060,HRL,2024040405002127,34,72,50.00,593.80,"29,690.00",2024-04-04
1061,HRL,2024040405002128,10,72,40.00,593.80,"23,752.00",2024-04-04
1062,HRL,2024040405002130,10,58,10.00,593.80,"5,938.00",2024-04-04
1063,HRL,2024040405002131,21,35,10.00,594.00,"5,940.00",2024-04-04
1064,HRL,2024040405002132,21,58,40.00,594.00,"23,760.00",2024-04-04
1065,HRL,2024040405002133,21,57,10.00,594.00,"5,940.00",2024-04-04
1066,HRL,2024040405002134,21,44,30.00,594.00,"17,820.00",2024-04-04
1067,HRL,2024040405002135,10,26,20.00,593.80,"11,876.00",2024-04-04
1068,HRL,2024040405002137,10,68,10.00,593.80,"5,938.00",2024-04-04
1069,HRL,2024040405002141,29,49,10.00,594.00,"5,940.00",2024-04-04
1070,HRL,2024040405002142,29,21,20.00,594.00,"11,880.00",2024-04-04
1071,HRL,2024040405002157,29,11,10.00,594.00,"5,940.00",2024-04-04
1072,HRL,2024040405002160,29,43,10.00,594.00,"5,940.00",2024-04-04
1073,HRL,2024040405002161,38,55,20.00,595.00,"11,900.00",2024-04-04
1074,HRL,2024040405002162,29,55,10.00,594.00,"5,940.00",2024-04-04
1075,HRL,2024040405002163,29,26,20.00,594.00,"11,880.00",2024-04-04
1076,HRL,2024040405002174,38,49,10.00,594.10,"5,941.00",2024-04-04
1077,HRL,2024040405002175,29,35,20.00,594.00,"11,880.00",2024-04-04
1078,HRL,2024040405002178,10,52,20.00,593.80,"11,876.00",2024-04-04
1079,HRL,2024040405002179,45,52,20.00,593.80,"11,876.00",2024-04-04
1080,HRL,2024040405002182,45,57,10.00,593.80,"5,938.00",2024-04-04
1081,HRL,2024040405002194,21,35,10.00,593.90,"5,939.00",2024-04-04
1082,HRL,2024040405002195,21,17,10.00,593.90,"5,939.00",2024-04-04
1083,HRL,2024040405002196,42,55,255.00,595.00,"151,725.00",2024-04-04
1084,HRL,2024040405002197,42,57,10.00,595.00,"5,950.00",2024-04-04
1085,HRL,2024040405002198,42,57,10.00,595.00,"5,950.00",2024-04-04
1086,HRL,2024040405002199,42,45,10.00,595.00,"5,950.00",2024-04-04
1087,HRL,2024040405002200,42,57,30.00,595.00,"17,850.00",2024-04-04
1088,HRL,2024040405002201,42,58,20.00,595.00,"11,900.00",2024-04-04
1089,HRL,2024040405002202,42,22,95.00,595.00,"56,525.00",2024-04-04
1090,HRL,2024040405002203,42,57,30.00,595.00,"17,850.00",2024-04-04
1091,HRL,2024040405002204,42,41,10.00,595.00,"5,950.00",2024-04-04
1092,HRL,2024040405002205,42,51,20.00,595.00,"11,900.00",2024-04-04
1093,HRL,2024040405002206,42,57,10.00,595.00,"5,950.00",2024-04-04
1094,HRL,2024040405002207,45,36,10.00,593.80,"5,938.00",2024-04-04
1095,HRL,2024040405002212,19,36,10.00,594.00,"5,940.00",2024-04-04
1096,HRL,2024040405002220,19,58,10.00,594.00,"5,940.00",2024-04-04
1097,HRL,2024040405002221,19,34,20.00,594.00,"11,880.00",2024-04-04
1098,HRL,2024040405002223,19,74,10.00,594.00,"5,940.00",2024-04-04
1099,HRL,2024040405002224,48,74,10.00,594.00,"5,940.00",2024-04-04
1100,HRL,2024040405002225,48,47,10.00,594.00,"5,940.00",2024-04-04
1101,HRL,2024040405002236,21,58,10.00,595.00,"5,950.00",2024-04-04
1102,HRL,2024040405002237,21,35,10.00,595.00,"5,950.00",2024-04-04
1103,HRL,2024040405002238,21,17,10.00,595.00,"5,950.00",2024-04-04
1104,HRL,2024040405002239,21,49,10.00,595.00,"5,950.00",2024-04-04
1105,HRL,2024040405002240,21,57,20.00,595.00,"11,900.00",2024-04-04
1106,HRL,2024040405002241,21,57,30.00,595.00,"17,850.00",2024-04-04
1107,HRL,2024040405002242,21,62,20.00,595.00,"11,900.00",2024-04-04
1108,HRL,2024040405002243,21,41,10.00,595.00,"5,950.00",2024-04-04
1109,HRL,2024040405002244,21,77,10.00,595.00,"5,950.00",2024-04-04
1110,HRL,2024040405002245,21,26,30.00,595.00,"17,850.00",2024-04-04
1111,HRL,2024040405002246,21,57,10.00,595.00,"5,950.00",2024-04-04
1112,HRL,2024040405002247,21,29,10.00,595.00,"5,950.00",2024-04-04
1113,HRL,2024040405002248,21,68,20.00,595.00,"11,900.00",2024-04-04
1114,HRL,2024040405002249,21,45,10.00,595.00,"5,950.00",2024-04-04
1115,HRL,2024040405002250,21,19,50.00,595.00,"29,750.00",2024-04-04
1116,HRL,2024040405002251,21,45,20.00,595.00,"11,900.00",2024-04-04
1117,HRL,2024040405002254,21,26,20.00,594.10,"11,882.00",2024-04-04
1118,HRL,2024040405002259,48,47,10.00,594.00,"5,940.00",2024-04-04
1119,HRL,2024040405002264,48,26,10.00,594.00,"5,940.00",2024-04-04
1120,HRL,2024040405002268,54,49,10.00,594.10,"5,941.00",2024-04-04
1121,HRL,2024040405002269,54,58,5.00,594.10,"2,970.50",2024-04-04
1122,HRL,2024040405002270,58,54,10.00,594.10,"5,941.00",2024-04-04
1123,HRL,2024040405002273,21,58,10.00,594.10,"5,941.00",2024-04-04
1124,HRL,2024040405002274,58,52,10.00,594.50,"5,945.00",2024-04-04
1125,HRL,2024040405002277,21,52,20.00,594.10,"11,882.00",2024-04-04
1126,HRL,2024040405002278,13,49,10.00,594.10,"5,941.00",2024-04-04
1127,HRL,2024040405002280,13,36,20.00,594.10,"11,882.00",2024-04-04
1128,HRL,2024040405002281,13,21,10.00,594.10,"5,941.00",2024-04-04
1129,HRL,2024040405002282,13,52,10.00,594.10,"5,941.00",2024-04-04
1130,HRL,2024040405002287,13,38,10.00,594.10,"5,941.00",2024-04-04
1131,HRL,2024040405002288,13,57,30.00,594.10,"17,823.00",2024-04-04
1132,HRL,2024040405002289,51,21,10.00,594.90,"5,949.00",2024-04-04
1133,HRL,2024040405002290,51,47,10.00,595.00,"5,950.00",2024-04-04
1134,HRL,2024040405002291,51,47,10.00,595.00,"5,950.00",2024-04-04
1135,HRL,2024040405002292,51,7,10.00,595.40,"5,954.00",2024-04-04
1136,HRL,2024040405002293,51,57,20.00,595.50,"11,910.00",2024-04-04
1137,HRL,2024040405002294,51,38,10.00,595.50,"5,955.00",2024-04-04
1138,HRL,2024040405002295,51,21,10.00,595.60,"5,956.00",2024-04-04
1139,HRL,2024040405002296,13,57,10.00,594.10,"5,941.00",2024-04-04
1140,HRL,2024040405002299,48,38,10.00,594.00,"5,940.00",2024-04-04
1141,HRL,2024040405002301,41,21,10.00,595.60,"5,956.00",2024-04-04
1142,HRL,2024040405002309,48,22,20.00,594.00,"11,880.00",2024-04-04
1143,HRL,2024040405002312,48,22,20.00,594.00,"11,880.00",2024-04-04
1144,HRL,2024040405002314,5,38,10.00,594.10,"5,941.00",2024-04-04
1145,HRL,2024040405002315,5,45,20.00,594.10,"11,882.00",2024-04-04
1146,HRL,2024040405002318,5,48,10.00,594.10,"5,941.00",2024-04-04
1147,HRL,2024040405002319,5,37,20.00,594.10,"11,882.00",2024-04-04
1148,HRL,2024040405002322,19,14,50.00,594.20,"29,710.00",2024-04-04
1149,HRL,2024040405002323,58,14,33.00,594.20,"19,608.60",2024-04-04
1150,HRL,2024040405002324,65,14,37.00,594.20,"21,985.40",2024-04-04
1151,HRL,2024040405002325,65,34,10.00,594.20,"5,942.00",2024-04-04
1152,HRL,2024040405002331,49,36,20.00,595.00,"11,900.00",2024-04-04
1153,HRL,2024040405002333,65,52,10.00,594.20,"5,942.00",2024-04-04
1154,HRL,2024040405002334,65,57,20.00,594.20,"11,884.00",2024-04-04
1155,HRL,2024040405002335,65,28,20.00,594.20,"11,884.00",2024-04-04
1156,HRL,2024040405002338,65,58,10.00,594.20,"5,942.00",2024-04-04
1157,HRL,2024040405002342,65,35,10.00,594.20,"5,942.00",2024-04-04
1158,HRL,2024040405002343,65,22,20.00,594.20,"11,884.00",2024-04-04
1159,HRL,2024040405002351,65,47,10.00,594.20,"5,942.00",2024-04-04
1160,HRL,2024040405002352,34,58,20.00,594.90,"11,898.00",2024-04-04
1161,HRL,2024040405002356,1,38,10.00,594.90,"5,949.00",2024-04-04
1162,HRL,2024040405002357,1,58,20.00,594.90,"11,898.00",2024-04-04
1163,HRL,2024040405002358,1,58,70.00,594.90,"41,643.00",2024-04-04
1164,HRL,2024040405002359,65,58,353.00,594.20,"209,752.60",2024-04-04
1165,HRL,2024040405002360,49,58,77.00,594.20,"45,753.40",2024-04-04
1166,HRL,2024040405002368,66,52,10.00,594.20,"5,942.00",2024-04-04
1167,HRL,2024040405002369,3,51,20.00,594.30,"11,886.00",2024-04-04
1168,HRL,2024040405002378,33,58,10.00,594.90,"5,949.00",2024-04-04
1169,HRL,2024040405002388,3,34,20.00,594.30,"11,886.00",2024-04-04
1170,HRL,2024040405002389,35,34,50.00,595.00,"29,750.00",2024-04-04
1171,HRL,2024040405002391,47,34,100.00,595.00,"59,500.00",2024-04-04
1172,HRL,2024040405002392,42,29,40.00,594.40,"23,776.00",2024-04-04
1173,HRL,2024040405002393,3,29,160.00,594.30,"95,088.00",2024-04-04
1174,HRL,2024040405002394,21,29,30.00,594.30,"17,829.00",2024-04-04
1175,HRL,2024040405002395,66,29,90.00,594.20,"53,478.00",2024-04-04
1176,HRL,2024040405002396,45,29,10.00,594.20,"5,942.00",2024-04-04
1177,HRL,2024040405002397,42,29,100.00,594.20,"59,420.00",2024-04-04
1178,HRL,2024040405002398,5,29,80.00,594.10,"47,528.00",2024-04-04
1179,HRL,2024040405002404,5,22,10.00,594.10,"5,941.00",2024-04-04
1180,HRL,2024040405002406,5,51,10.00,594.10,"5,941.00",2024-04-04
1181,HRL,2024040405002407,5,6,30.00,594.10,"17,823.00",2024-04-04
1182,HRL,2024040405002409,34,51,20.00,594.30,"11,886.00",2024-04-04
1183,HRL,2024040405002410,5,45,10.00,594.10,"5,941.00",2024-04-04
1184,HRL,2024040405002411,21,6,30.00,594.10,"17,823.00",2024-04-04
1185,HRL,2024040405002412,21,3,20.00,594.10,"11,882.00",2024-04-04
1186,HRL,2024040405002418,42,51,80.00,594.30,"47,544.00",2024-04-04
1187,HRL,2024040405002419,42,49,20.00,594.30,"11,886.00",2024-04-04
1188,HRL,2024040405002420,5,57,20.00,594.10,"11,882.00",2024-04-04
1189,HRL,2024040405002421,5,6,30.00,594.10,"17,823.00",2024-04-04
1190,HRL,2024040405002422,45,33,30.00,594.40,"17,832.00",2024-04-04
1191,HRL,2024040405002424,5,4,10.00,594.10,"5,941.00",2024-04-04
1192,HRL,2024040405002426,5,37,100.00,594.10,"59,410.00",2024-04-04
1193,HRL,2024040405002427,5,52,10.00,594.10,"5,941.00",2024-04-04
1194,HRL,2024040405002429,37,21,10.00,594.90,"5,949.00",2024-04-04
1195,HRL,2024040405002430,37,34,750.00,595.00,"446,250.00",2024-04-04
1196,HRL,2024040405002431,37,57,20.00,595.00,"11,900.00",2024-04-04
1197,HRL,2024040405002432,37,22,20.00,595.00,"11,900.00",2024-04-04
1198,HRL,2024040405002433,37,49,10.00,595.00,"5,950.00",2024-04-04
1199,HRL,2024040405002434,37,34,10.00,595.00,"5,950.00",2024-04-04
1200,HRL,2024040405002435,37,38,20.00,595.00,"11,900.00",2024-04-04
1201,HRL,2024040405002436,37,32,10.00,595.00,"5,950.00",2024-04-04
1202,HRL,2024040405002437,37,8,10.00,595.00,"5,950.00",2024-04-04
1203,HRL,2024040405002438,37,17,20.00,595.00,"11,900.00",2024-04-04
1204,HRL,2024040405002439,37,25,30.00,595.00,"17,850.00",2024-04-04
1205,HRL,2024040405002440,37,58,10.00,595.00,"5,950.00",2024-04-04
1206,HRL,2024040405002441,37,25,10.00,595.00,"5,950.00",2024-04-04
1207,HRL,2024040405002442,37,57,20.00,595.00,"11,900.00",2024-04-04
1208,HRL,2024040405002443,37,55,50.00,595.00,"29,750.00",2024-04-04
1209,HRL,2024040405002444,54,6,30.00,594.20,"17,826.00",2024-04-04
1210,HRL,2024040405002445,54,32,20.00,594.20,"11,884.00",2024-04-04
1211,HRL,2024040405002447,54,7,10.00,594.20,"5,942.00",2024-04-04
1212,HRL,2024040405002449,82,55,500.00,595.00,"297,500.00",2024-04-04
1213,HRL,2024040405002450,54,52,10.00,594.20,"5,942.00",2024-04-04
1214,HRL,2024040405002451,54,4,10.00,594.20,"5,942.00",2024-04-04
1215,HRL,2024040405002455,48,55,100.00,595.00,"59,500.00",2024-04-04
1216,HRL,2024040405002459,82,19,20.00,594.30,"11,886.00",2024-04-04
1217,HRL,2024040405002461,82,35,20.00,594.30,"11,886.00",2024-04-04
1218,HRL,2024040405002468,82,45,10.00,594.30,"5,943.00",2024-04-04
1219,HRL,2024040405002475,82,57,10.00,594.30,"5,943.00",2024-04-04
1220,HRL,2024040405002476,35,58,16.00,594.90,"9,518.40",2024-04-04
1221,HRL,2024040405002478,82,6,30.00,594.30,"17,829.00",2024-04-04
1222,HRL,2024040405002479,82,52,10.00,594.30,"5,943.00",2024-04-04
1223,HRL,2024040405002482,82,32,10.00,594.30,"5,943.00",2024-04-04
1224,HRL,2024040405002490,82,34,70.00,594.30,"41,601.00",2024-04-04
1225,HRL,2024040405002493,91,55,50.00,595.00,"29,750.00",2024-04-04
1226,HRL,2024040405002500,82,52,10.00,594.30,"5,943.00",2024-04-04
1227,HRL,2024040405002501,82,54,20.00,594.30,"11,886.00",2024-04-04
1228,HRL,2024040405002506,82,34,40.00,594.30,"23,772.00",2024-04-04
1229,HRL,2024040405002507,82,37,20.00,594.30,"11,886.00",2024-04-04
1230,HRL,2024040405002510,82,45,10.00,594.30,"5,943.00",2024-04-04
1231,HRL,2024040405002514,82,35,20.00,594.30,"11,886.00",2024-04-04
1232,HRL,2024040405002516,82,45,10.00,594.30,"5,943.00",2024-04-04
1233,HRL,2024040405002518,82,22,190.00,594.30,"112,917.00",2024-04-04
1234,HRL,2024040405002519,47,22,10.00,594.30,"5,943.00",2024-04-04
1235,HRL,2024040405002524,54,42,20.00,594.20,"11,884.00",2024-04-04
1236,HRL,2024040405002525,54,58,10.00,594.20,"5,942.00",2024-04-04
1237,HRL,2024040405002527,54,36,190.00,594.20,"112,898.00",2024-04-04
1238,HRL,2024040405002528,17,36,200.00,594.20,"118,840.00",2024-04-04
1239,HRL,2024040405002529,42,36,100.00,594.20,"59,420.00",2024-04-04
1240,HRL,2024040405002530,5,36,430.00,594.10,"255,463.00",2024-04-04
1241,HRL,2024040405002531,42,36,100.00,594.10,"59,410.00",2024-04-04
1242,HRL,2024040405002532,57,36,"2,380.00",594.10,"1,413,958.00",2024-04-04
1243,HRL,2024040405002533,57,42,20.00,594.10,"11,882.00",2024-04-04
1244,HRL,2024040405002534,57,58,10.00,594.10,"5,941.00",2024-04-04
1245,HRL,2024040405002535,57,42,20.00,594.10,"11,882.00",2024-04-04
1246,HRL,2024040405002537,57,38,30.00,594.10,"17,823.00",2024-04-04
1247,HRL,2024040405002538,57,48,40.00,594.10,"23,764.00",2024-04-04
1248,HRL,2024040405002539,57,62,30.00,594.10,"17,823.00",2024-04-04
1249,HRL,2024040405002540,57,42,20.00,594.10,"11,882.00",2024-04-04
1250,HRL,2024040405002541,57,45,30.00,594.10,"17,823.00",2024-04-04
1251,HRL,2024040405002548,57,49,20.00,594.10,"11,882.00",2024-04-04
1252,HRL,2024040405002554,45,52,10.00,594.30,"5,943.00",2024-04-04
1253,HRL,2024040405002555,45,58,20.00,594.40,"11,888.00",2024-04-04
1254,HRL,2024040405002556,45,59,20.00,594.50,"11,890.00",2024-04-04
1255,HRL,2024040405002557,57,48,498.00,594.10,"295,861.80",2024-04-04
1256,HRL,2024040405002558,57,42,20.00,594.10,"11,882.00",2024-04-04
1257,HRL,2024040405002559,57,56,20.00,594.10,"11,882.00",2024-04-04
1258,HRL,2024040405002563,57,42,20.00,594.10,"11,882.00",2024-04-04
1259,HRL,2024040405002566,57,52,10.00,594.10,"5,941.00",2024-04-04
1260,HRL,2024040405002567,57,57,10.00,594.10,"5,941.00",2024-04-04
1261,HRL,2024040405002571,57,44,20.00,594.10,"11,882.00",2024-04-04
1262,HRL,2024040405002572,57,42,20.00,594.10,"11,882.00",2024-04-04
1263,HRL,2024040405002573,57,35,10.00,594.10,"5,941.00",2024-04-04
1264,HRL,2024040405002576,57,42,20.00,594.10,"11,882.00",2024-04-04
1265,HRL,2024040405002578,57,58,10.00,594.10,"5,941.00",2024-04-04
1266,HRL,2024040405002581,57,38,10.00,594.10,"5,941.00",2024-04-04
1267,HRL,2024040405002582,57,42,20.00,594.10,"11,882.00",2024-04-04
1268,HRL,2024040405002583,57,44,20.00,594.10,"11,882.00",2024-04-04
1269,HRL,2024040405002584,57,25,10.00,594.10,"5,941.00",2024-04-04
1270,HRL,2024040405002585,57,38,250.00,594.10,"148,525.00",2024-04-04
1271,HRL,2024040405002586,56,42,20.00,594.20,"11,884.00",2024-04-04
1272,HRL,2024040405002589,56,42,20.00,594.20,"11,884.00",2024-04-04
1273,HRL,2024040405002600,56,95,10.00,594.20,"5,942.00",2024-04-04
1274,HRL,2024040405002601,57,95,240.00,594.10,"142,584.00",2024-04-04
1275,HRL,2024040405002602,57,42,20.00,594.10,"11,882.00",2024-04-04
1276,HRL,2024040405002603,57,35,10.00,594.10,"5,941.00",2024-04-04
1277,HRL,2024040405002605,57,44,20.00,594.10,"11,882.00",2024-04-04
1278,HRL,2024040405002607,57,42,20.00,594.10,"11,882.00",2024-04-04
1279,HRL,2024040405002611,57,42,20.00,594.10,"11,882.00",2024-04-04
1280,HRL,2024040405002612,57,58,10.00,594.10,"5,941.00",2024-04-04
1281,HRL,2024040405002613,57,45,20.00,594.10,"11,882.00",2024-04-04
1282,HRL,2024040405002616,57,42,20.00,594.10,"11,882.00",2024-04-04
1283,HRL,2024040405002617,57,52,10.00,594.10,"5,941.00",2024-04-04
1284,HRL,2024040405002620,57,44,20.00,594.10,"11,882.00",2024-04-04
1285,HRL,2024040405002621,57,43,10.00,594.10,"5,941.00",2024-04-04
1286,HRL,2024040405002622,41,58,10.00,594.20,"5,942.00",2024-04-04
1287,HRL,2024040405002623,41,35,10.00,594.20,"5,942.00",2024-04-04
1288,HRL,2024040405002624,41,6,20.00,594.80,"11,896.00",2024-04-04
1289,HRL,2024040405002625,41,34,50.00,594.90,"29,745.00",2024-04-04
1290,HRL,2024040405002626,41,58,50.00,594.90,"29,745.00",2024-04-04
1291,HRL,2024040405002627,41,58,10.00,595.00,"5,950.00",2024-04-04
1292,HRL,2024040405002628,41,58,50.00,595.00,"29,750.00",2024-04-04
1293,HRL,2024040405002629,57,58,10.00,594.10,"5,941.00",2024-04-04
1294,HRL,2024040405002630,57,42,20.00,594.10,"11,882.00",2024-04-04
1295,HRL,2024040405002631,57,35,10.00,594.10,"5,941.00",2024-04-04
1296,HRL,2024040405002632,42,35,10.00,594.10,"5,941.00",2024-04-04
1297,HRL,2024040405002636,42,44,20.00,594.10,"11,882.00",2024-04-04
1298,HRL,2024040405002638,42,42,20.00,594.10,"11,882.00",2024-04-04
1299,HRL,2024040405002640,48,35,10.00,594.00,"5,940.00",2024-04-04
1300,HRL,2024040405002642,61,44,20.00,594.00,"11,880.00",2024-04-04
1301,HRL,2024040405002643,61,42,20.00,594.00,"11,880.00",2024-04-04
1302,HRL,2024040405002645,61,52,10.00,594.00,"5,940.00",2024-04-04
1303,HRL,2024040405002646,61,50,20.00,594.00,"11,880.00",2024-04-04
1304,HRL,2024040405002647,61,49,20.00,594.00,"11,880.00",2024-04-04
1305,HRL,2024040405002648,61,42,20.00,594.00,"11,880.00",2024-04-04
1306,HRL,2024040405002649,61,44,20.00,594.00,"11,880.00",2024-04-04
1307,HRL,2024040405002650,61,58,500.00,594.00,"297,000.00",2024-04-04
1308,HRL,2024040405002655,61,42,20.00,594.00,"11,880.00",2024-04-04
1309,HRL,2024040405002656,61,32,10.00,594.00,"5,940.00",2024-04-04
1310,HRL,2024040405002659,61,56,20.00,594.00,"11,880.00",2024-04-04
1311,HRL,2024040405002660,61,21,20.00,594.00,"11,880.00",2024-04-04
1312,HRL,2024040405002661,61,42,20.00,594.00,"11,880.00",2024-04-04
1313,HRL,2024040405002663,61,29,150.00,594.00,"89,100.00",2024-04-04
1314,HRL,2024040405002665,61,42,30.00,594.00,"17,820.00",2024-04-04
1315,HRL,2024040405002666,61,44,20.00,594.00,"11,880.00",2024-04-04
1316,HRL,2024040405002669,61,57,10.00,594.00,"5,940.00",2024-04-04
1317,HRL,2024040405002673,61,59,10.00,594.00,"5,940.00",2024-04-04
1318,HRL,2024040405002674,61,42,20.00,594.00,"11,880.00",2024-04-04
1319,HRL,2024040405002675,61,48,20.00,594.00,"11,880.00",2024-04-04
1320,HRL,2024040405002676,61,58,10.00,594.00,"5,940.00",2024-04-04
1321,HRL,2024040405002678,61,44,20.00,594.00,"11,880.00",2024-04-04
1322,HRL,2024040405002679,38,38,10.00,594.10,"5,941.00",2024-04-04
1323,HRL,2024040405002681,38,42,10.00,594.10,"5,941.00",2024-04-04
1324,HRL,2024040405002682,61,42,20.00,594.00,"11,880.00",2024-04-04
1325,HRL,2024040405002684,61,58,10.00,594.00,"5,940.00",2024-04-04
1326,HRL,2024040405002688,32,42,20.00,594.00,"11,880.00",2024-04-04
1327,HRL,2024040405002689,32,56,20.00,594.00,"11,880.00",2024-04-04
1328,HRL,2024040405002691,32,74,10.00,594.00,"5,940.00",2024-04-04
1329,HRL,2024040405002692,38,35,10.00,594.00,"5,940.00",2024-04-04
1330,HRL,2024040405002693,38,42,10.00,594.00,"5,940.00",2024-04-04
1331,HRL,2024040405002694,49,42,20.00,594.00,"11,880.00",2024-04-04
1332,HRL,2024040405002695,49,44,20.00,594.00,"11,880.00",2024-04-04
1333,HRL,2024040405002696,47,51,10.00,594.50,"5,945.00",2024-04-04
1334,HRL,2024040405002697,45,42,10.00,594.00,"5,940.00",2024-04-04
1335,HRL,2024040405002698,21,42,20.00,593.90,"11,878.00",2024-04-04
1336,HRL,2024040405002701,21,74,10.00,593.90,"5,939.00",2024-04-04
1337,HRL,2024040405002702,38,7,10.00,593.90,"5,939.00",2024-04-04
1338,HRL,2024040405002703,26,7,20.00,593.80,"11,876.00",2024-04-04
1339,HRL,2024040405002714,26,42,20.00,593.80,"11,876.00",2024-04-04
1340,HRL,2024040405002716,26,42,20.00,593.80,"11,876.00",2024-04-04
1341,HRL,2024040405002717,26,55,10.00,593.80,"5,938.00",2024-04-04
1342,HRL,2024040405002718,26,56,20.00,593.80,"11,876.00",2024-04-04
1343,HRL,2024040405002721,47,34,20.00,593.90,"11,878.00",2024-04-04
1344,HRL,2024040405002722,26,44,10.00,593.80,"5,938.00",2024-04-04
1345,HRL,2024040405002723,42,44,10.00,593.80,"5,938.00",2024-04-04
1346,HRL,2024040405002724,42,42,30.00,593.80,"17,814.00",2024-04-04
1347,HRL,2024040405002730,42,11,10.00,593.80,"5,938.00",2024-04-04
1348,HRL,2024040405002736,57,45,10.00,594.00,"5,940.00",2024-04-04
1349,HRL,2024040405002737,57,42,10.00,594.00,"5,940.00",2024-04-04
1350,HRL,2024040405002738,42,42,20.00,593.80,"11,876.00",2024-04-04
1351,HRL,2024040405002746,42,56,20.00,593.80,"11,876.00",2024-04-04
1352,HRL,2024040405002747,42,44,20.00,593.80,"11,876.00",2024-04-04
1353,HRL,2024040405002748,42,1,10.00,593.80,"5,938.00",2024-04-04
1354,HRL,2024040405002749,42,21,20.00,593.80,"11,876.00",2024-04-04
1355,HRL,2024040405002750,42,45,20.00,593.80,"11,876.00",2024-04-04
1356,HRL,2024040405002751,4,42,30.00,593.80,"17,814.00",2024-04-04
1357,HRL,2024040405002752,26,13,50.00,594.90,"29,745.00",2024-04-04
1358,HRL,2024040405002761,4,42,20.00,593.80,"11,876.00",2024-04-04
1359,HRL,2024040405002762,42,42,10.00,593.80,"5,938.00",2024-04-04
1360,HRL,2024040405002789,47,44,20.00,594.00,"11,880.00",2024-04-04
1361,HRL,2024040405002790,42,3,10.00,593.80,"5,938.00",2024-04-04
1362,HRL,2024040405002791,42,57,10.00,593.80,"5,938.00",2024-04-04
1363,HRL,2024040405002796,42,26,70.00,593.80,"41,566.00",2024-04-04
1364,HRL,2024040405002798,45,42,10.00,593.70,"5,937.00",2024-04-04
1365,HRL,2024040405002800,45,44,20.00,593.70,"11,874.00",2024-04-04
1366,HRL,2024040405002801,45,53,40.00,593.70,"23,748.00",2024-04-04
1367,HRL,2024040405002804,45,42,10.00,593.70,"5,937.00",2024-04-04
1368,HRL,2024040405002805,44,42,10.00,593.50,"5,935.00",2024-04-04
1369,HRL,2024040405002807,44,57,64.00,593.50,"37,984.00",2024-04-04
1370,HRL,2024040405002808,26,42,20.00,593.20,"11,864.00",2024-04-04
1371,HRL,2024040405002810,26,57,50.00,593.20,"29,660.00",2024-04-04
1372,HRL,2024040405002811,38,57,160.00,593.20,"94,912.00",2024-04-04
1373,HRL,2024040405002813,57,42,20.00,593.10,"11,862.00",2024-04-04
1374,HRL,2024040405002814,14,42,10.00,593.10,"5,931.00",2024-04-04
1375,HRL,2024040405002815,6,65,10.00,593.00,"5,930.00",2024-04-04
1376,HRL,2024040405002816,38,65,20.00,593.00,"11,860.00",2024-04-04
1377,HRL,2024040405002817,17,65,10.00,593.00,"5,930.00",2024-04-04
1378,HRL,2024040405002818,32,65,50.00,593.00,"29,650.00",2024-04-04
1379,HRL,2024040405002819,32,65,20.00,593.00,"11,860.00",2024-04-04
1380,HRL,2024040405002820,85,65,100.00,593.00,"59,300.00",2024-04-04
1381,HRL,2024040405002821,58,65,50.00,593.00,"29,650.00",2024-04-04
1382,HRL,2024040405002822,22,65,40.00,593.00,"23,720.00",2024-04-04
1383,HRL,2024040405002823,22,49,30.00,593.00,"17,790.00",2024-04-04
1384,HRL,2024040405002824,22,42,20.00,593.00,"11,860.00",2024-04-04
1385,HRL,2024040405002825,22,26,10.00,593.00,"5,930.00",2024-04-04
1386,HRL,2024040405002826,42,49,20.00,593.00,"11,860.00",2024-04-04
1387,HRL,2024040405002827,42,49,20.00,593.00,"11,860.00",2024-04-04
1388,HRL,2024040405002829,42,57,10.00,593.00,"5,930.00",2024-04-04
1389,HRL,2024040405002830,32,57,60.00,593.00,"35,580.00",2024-04-04
1390,HRL,2024040405002831,51,57,20.00,593.00,"11,860.00",2024-04-04
1391,HRL,2024040405002832,22,57,101.00,593.00,"59,893.00",2024-04-04
1392,HRL,2024040405002833,43,57,70.00,593.00,"41,510.00",2024-04-04
1393,HRL,2024040405002834,32,57,33.00,593.00,"19,569.00",2024-04-04
1394,HRL,2024040405002835,8,57,272.00,593.00,"161,296.00",2024-04-04
1395,HRL,2024040405002836,21,48,10.00,593.20,"5,932.00",2024-04-04
1396,HRL,2024040405002837,21,58,20.00,593.80,"11,876.00",2024-04-04
1397,HRL,2024040405002838,21,41,10.00,594.00,"5,940.00",2024-04-04
1398,HRL,2024040405002839,21,6,20.00,594.00,"11,880.00",2024-04-04
1399,HRL,2024040405002840,21,34,40.00,594.00,"23,760.00",2024-04-04
1400,HRL,2024040405002841,8,68,20.00,593.00,"11,860.00",2024-04-04
1401,HRL,2024040405002846,52,38,10.00,593.10,"5,931.00",2024-04-04
1402,HRL,2024040405002847,52,42,20.00,593.10,"11,862.00",2024-04-04
1403,HRL,2024040405002848,52,49,10.00,593.10,"5,931.00",2024-04-04
1404,HRL,2024040405002851,52,42,14.00,593.10,"8,303.40",2024-04-04
1405,HRL,2024040405002852,8,38,20.00,593.00,"11,860.00",2024-04-04
1406,HRL,2024040405002853,8,49,10.00,593.00,"5,930.00",2024-04-04
1407,HRL,2024040405002856,8,38,10.00,593.00,"5,930.00",2024-04-04
1408,HRL,2024040405002858,21,29,10.00,593.10,"5,931.00",2024-04-04
1409,HRL,2024040405002859,21,42,10.00,593.10,"5,931.00",2024-04-04
1410,HRL,2024040405002860,8,42,10.00,593.00,"5,930.00",2024-04-04
1411,HRL,2024040405002862,8,45,30.00,593.00,"17,790.00",2024-04-04
1412,HRL,2024040405002863,8,42,20.00,593.00,"11,860.00",2024-04-04
1413,HRL,2024040405002864,8,49,10.00,593.00,"5,930.00",2024-04-04
1414,HRL,2024040405002866,8,42,20.00,593.00,"11,860.00",2024-04-04
1415,HRL,2024040405002867,8,38,10.00,593.00,"5,930.00",2024-04-04
1416,HRL,2024040405002868,8,34,10.00,593.00,"5,930.00",2024-04-04
1417,HRL,2024040405002869,8,57,30.00,593.00,"17,790.00",2024-04-04
1418,HRL,2024040405002870,34,58,10.00,593.10,"5,931.00",2024-04-04
1419,HRL,2024040405002873,8,42,14.00,593.00,"8,302.00",2024-04-04
1420,HRL,2024040405002875,7,84,20.00,593.00,"11,860.00",2024-04-04
1421,HRL,2024040405002876,7,42,20.00,593.00,"11,860.00",2024-04-04
1422,HRL,2024040405002879,7,22,90.00,593.00,"53,370.00",2024-04-04
1423,HRL,2024040405002880,7,81,70.00,593.00,"41,510.00",2024-04-04
1424,HRL,2024040405002881,41,81,15.00,593.00,"8,895.00",2024-04-04
1425,HRL,2024040405002882,21,81,20.00,593.00,"11,860.00",2024-04-04
1426,HRL,2024040405002883,13,81,195.00,593.00,"115,635.00",2024-04-04
1427,HRL,2024040405002887,10,25,30.00,593.00,"17,790.00",2024-04-04
1428,HRL,2024040405002890,10,34,10.00,593.00,"5,930.00",2024-04-04
1429,HRL,2024040405002891,10,38,10.00,593.00,"5,930.00",2024-04-04
1430,HRL,2024040405002892,48,38,10.00,593.00,"5,930.00",2024-04-04
1431,HRL,2024040405002893,48,38,10.00,593.00,"5,930.00",2024-04-04
1432,HRL,2024040405002895,48,49,10.00,593.00,"5,930.00",2024-04-04
1433,HRL,2024040405002896,48,51,30.00,593.00,"17,790.00",2024-04-04
1434,HRL,2024040405002897,48,34,10.00,593.00,"5,930.00",2024-04-04
1435,HRL,2024040405002900,48,34,10.00,593.00,"5,930.00",2024-04-04
1436,HRL,2024040405002903,35,47,10.00,593.00,"5,930.00",2024-04-04
1437,HRL,2024040405002904,35,51,30.00,593.00,"17,790.00",2024-04-04
1438,HRL,2024040405002920,35,14,20.00,593.00,"11,860.00",2024-04-04
1439,HRL,2024040405002921,35,49,10.00,593.00,"5,930.00",2024-04-04
1440,HRL,2024040405002923,35,42,10.00,593.00,"5,930.00",2024-04-04
1441,HRL,2024040405002924,35,38,20.00,593.00,"11,860.00",2024-04-04
1442,HRL,2024040405002925,35,34,10.00,593.00,"5,930.00",2024-04-04
1443,HRL,2024040405002928,35,22,20.00,593.00,"11,860.00",2024-04-04
1444,HRL,2024040405002933,35,38,10.00,593.00,"5,930.00",2024-04-04
1445,HRL,2024040405002935,35,44,60.00,593.00,"35,580.00",2024-04-04
1446,HRL,2024040405002936,53,44,100.00,593.00,"59,300.00",2024-04-04
1447,HRL,2024040405002937,38,44,20.00,593.00,"11,860.00",2024-04-04
1448,HRL,2024040405002940,38,84,20.00,593.00,"11,860.00",2024-04-04
1449,HRL,2024040405002941,38,62,500.00,593.00,"296,500.00",2024-04-04
1450,HRL,2024040405002942,49,58,10.00,593.10,"5,931.00",2024-04-04
1451,HRL,2024040405002943,49,22,20.00,593.10,"11,862.00",2024-04-04
1452,HRL,2024040405002945,49,66,130.00,593.10,"77,103.00",2024-04-04
1453,HRL,2024040405002946,38,66,70.00,593.00,"41,510.00",2024-04-04
1454,HRL,2024040405002947,38,66,200.00,593.00,"118,600.00",2024-04-04
1455,HRL,2024040405002949,38,38,10.00,593.00,"5,930.00",2024-04-04
1456,HRL,2024040405002950,38,21,20.00,593.00,"11,860.00",2024-04-04
1457,HRL,2024040405002951,38,58,10.00,593.00,"5,930.00",2024-04-04
1458,HRL,2024040405002953,22,38,10.00,593.20,"5,932.00",2024-04-04
1459,HRL,2024040405002956,22,52,20.00,593.20,"11,864.00",2024-04-04
1460,HRL,2024040405002963,22,47,10.00,593.20,"5,932.00",2024-04-04
1461,HRL,2024040405002964,22,22,20.00,593.20,"11,864.00",2024-04-04
1462,HRL,2024040405002965,22,84,20.00,593.20,"11,864.00",2024-04-04
1463,HRL,2024040405002966,22,17,10.00,593.20,"5,932.00",2024-04-04
1464,HRL,2024040405002974,22,22,20.00,593.20,"11,864.00",2024-04-04
1465,HRL,2024040405002975,22,17,10.00,593.20,"5,932.00",2024-04-04
1466,HRL,2024040405002978,22,22,20.00,593.20,"11,864.00",2024-04-04
1467,HRL,2024040405002979,22,17,10.00,593.20,"5,932.00",2024-04-04
1468,HRL,2024040405002980,22,58,10.00,593.20,"5,932.00",2024-04-04
1469,HRL,2024040405002981,22,22,20.00,593.20,"11,864.00",2024-04-04
1470,HRL,2024040405002982,22,44,20.00,593.20,"11,864.00",2024-04-04
1471,HRL,2024040405002983,22,21,20.00,593.20,"11,864.00",2024-04-04
1472,HRL,2024040405002984,22,17,10.00,593.20,"5,932.00",2024-04-04
1473,HRL,2024040405002985,22,22,20.00,593.20,"11,864.00",2024-04-04
1474,HRL,2024040405002989,22,29,150.00,593.20,"88,980.00",2024-04-04
1475,HRL,2024040405002990,22,22,20.00,593.20,"11,864.00",2024-04-04
1476,HRL,2024040405002991,22,58,10.00,593.20,"5,932.00",2024-04-04
1477,HRL,2024040405002992,22,14,10.00,593.20,"5,932.00",2024-04-04
1478,HRL,2024040405002993,22,29,10.00,593.20,"5,932.00",2024-04-04
1479,HRL,2024040405002995,22,22,20.00,593.20,"11,864.00",2024-04-04
1480,HRL,2024040405002998,22,55,10.00,593.20,"5,932.00",2024-04-04
1481,HRL,2024040405002999,22,14,10.00,593.20,"5,932.00",2024-04-04
1482,HRL,2024040405003000,22,44,10.00,593.20,"5,932.00",2024-04-04
1483,HRL,2024040405003001,38,22,20.00,593.00,"11,860.00",2024-04-04
1484,HRL,2024040405003011,38,16,20.00,593.00,"11,860.00",2024-04-04
1485,HRL,2024040405003013,38,49,20.00,593.00,"11,860.00",2024-04-04
1486,HRL,2024040405003014,38,21,20.00,593.00,"11,860.00",2024-04-04
1487,HRL,2024040405003017,38,44,20.00,593.00,"11,860.00",2024-04-04
1488,HRL,2024040405003018,38,36,10.00,593.00,"5,930.00",2024-04-04
1489,HRL,2024040405003020,38,22,30.00,593.00,"17,790.00",2024-04-04
1490,HRL,2024040405003022,38,22,10.00,593.00,"5,930.00",2024-04-04
1491,HRL,2024040405003023,42,22,15.00,593.00,"8,895.00",2024-04-04
1492,HRL,2024040405003024,17,22,30.00,593.00,"17,790.00",2024-04-04
1493,HRL,2024040405003026,1,47,10.00,592.70,"5,927.00",2024-04-04
1494,HRL,2024040405003031,1,22,30.00,592.70,"17,781.00",2024-04-04
1495,HRL,2024040405003032,1,21,20.00,592.70,"11,854.00",2024-04-04
1496,HRL,2024040405003034,1,22,30.00,592.70,"17,781.00",2024-04-04
1497,HRL,2024040405003035,1,44,10.00,592.70,"5,927.00",2024-04-04
1498,HRL,2024040405003036,1,38,10.00,592.70,"5,927.00",2024-04-04
