SN,Symbol,Transaction No.,Buyer Broker,Seller Broker,Share Quantity,Rate(Rs),Amount(Rs),Traded Date
1,HRL,2024040105000011,49,6,10.00,600.00,"6,000.00",2024-04-01
2,HRL,2024040105000014,42,46,30.00,599.00,"17,970.00",2024-04-01
3,HRL,2024040105000015,42,7,20.00,599.00,"11,980.00",2024-04-01
4,HRL,2024040105000017,5,45,30.00,598.00,"17,940.00",2024-04-01
5,HRL,2024040105000019,5,49,10.00,598.00,"5,980.00",2024-04-01
6,HRL,2024040105000021,5,42,460.00,598.00,"275,080.00",2024-04-01
7,HRL,2024040105000022,50,42,100.00,598.00,"59,800.00",2024-04-01
8,HRL,2024040105000023,62,42,10.00,598.00,"5,980.00",2024-04-01
9,HRL,2024040105000024,34,29,20.00,596.10,"11,922.00",2024-04-01
10,HRL,2024040105000025,34,58,10.00,596.10,"5,961.00",2024-04-01
11,HRL,2024040105000026,34,6,10.00,596.10,"5,961.00",2024-04-01
12,HRL,2024040105000031,36,42,100.00,598.00,"59,800.00",2024-04-01
13,HRL,2024040105000033,34,54,10.00,596.30,"5,963.00",2024-04-01
14,HRL,2024040105000036,14,39,10.00,597.00,"5,970.00",2024-04-01
15,HRL,2024040105000037,33,41,10.00,597.00,"5,970.00",2024-04-01
16,HRL,2024040105000041,33,45,10.00,597.00,"5,970.00",2024-04-01
17,HRL,2024040105000042,33,45,10.00,597.00,"5,970.00",2024-04-01
18,HRL,2024040105000044,22,42,80.00,598.00,"47,840.00",2024-04-01
19,HRL,2024040105000045,22,42,20.00,598.00,"11,960.00",2024-04-01
20,HRL,2024040105000049,33,49,10.00,597.50,"5,975.00",2024-04-01
21,HRL,2024040105000050,29,42,20.00,598.00,"11,960.00",2024-04-01
22,HRL,2024040105000051,33,49,10.00,597.50,"5,975.00",2024-04-01
23,HRL,2024040105000053,33,56,40.00,597.50,"23,900.00",2024-04-01
24,HRL,2024040105000054,1,42,50.00,598.00,"29,900.00",2024-04-01
25,HRL,2024040105000055,33,58,10.00,597.50,"5,975.00",2024-04-01
26,HRL,2024040105000059,33,42,100.00,598.00,"59,800.00",2024-04-01
27,HRL,2024040105000062,45,42,500.00,598.00,"299,000.00",2024-04-01
28,HRL,2024040105000063,57,42,50.00,598.00,"29,900.00",2024-04-01
29,HRL,2024040105000064,1,45,10.00,597.60,"5,976.00",2024-04-01
30,HRL,2024040105000066,26,42,10.00,598.00,"5,980.00",2024-04-01
31,HRL,2024040105000067,26,34,10.00,598.00,"5,980.00",2024-04-01
32,HRL,2024040105000068,1,34,10.00,597.60,"5,976.00",2024-04-01
33,HRL,2024040105000069,1,47,20.00,597.60,"11,952.00",2024-04-01
34,HRL,2024040105000070,1,14,10.00,597.60,"5,976.00",2024-04-01
35,HRL,2024040105000072,21,87,20.00,597.00,"11,940.00",2024-04-01
36,HRL,2024040105000073,50,6,10.00,597.00,"5,970.00",2024-04-01
37,HRL,2024040105000074,41,6,10.00,597.00,"5,970.00",2024-04-01
38,HRL,2024040105000077,41,79,10.00,597.00,"5,970.00",2024-04-01
39,HRL,2024040105000078,35,35,10.00,597.00,"5,970.00",2024-04-01
40,HRL,2024040105000080,35,46,20.00,597.00,"11,940.00",2024-04-01
41,HRL,2024040105000081,49,58,10.00,597.60,"5,976.00",2024-04-01
42,HRL,2024040105000084,49,58,10.00,597.60,"5,976.00",2024-04-01
43,HRL,2024040105000085,49,58,10.00,597.60,"5,976.00",2024-04-01
44,HRL,2024040105000087,35,34,10.00,597.00,"5,970.00",2024-04-01
45,HRL,2024040105000088,42,49,20.00,597.60,"11,952.00",2024-04-01
46,HRL,2024040105000091,62,58,10.00,597.60,"5,976.00",2024-04-01
47,HRL,2024040105000092,62,39,10.00,597.60,"5,976.00",2024-04-01
48,HRL,2024040105000095,38,44,10.00,597.10,"5,971.00",2024-04-01
49,HRL,2024040105000096,38,58,10.00,597.10,"5,971.00",2024-04-01
50,HRL,2024040105000097,38,58,10.00,597.10,"5,971.00",2024-04-01
51,HRL,2024040105000098,38,52,10.00,597.10,"5,971.00",2024-04-01
52,HRL,2024040105000099,38,58,10.00,597.10,"5,971.00",2024-04-01
53,HRL,2024040105000102,38,42,20.00,597.10,"11,942.00",2024-04-01
54,HRL,2024040105000104,38,35,20.00,597.10,"11,942.00",2024-04-01
55,HRL,2024040105000106,38,58,10.00,597.10,"5,971.00",2024-04-01
56,HRL,2024040105000107,4,42,50.00,597.10,"29,855.00",2024-04-01
57,HRL,2024040105000108,6,42,100.00,597.10,"59,710.00",2024-04-01
58,HRL,2024040105000109,89,42,50.00,597.10,"29,855.00",2024-04-01
59,HRL,2024040105000113,35,42,60.00,597.00,"35,820.00",2024-04-01
60,HRL,2024040105000114,39,42,50.00,597.00,"29,850.00",2024-04-01
61,HRL,2024040105000115,62,42,200.00,597.00,"119,400.00",2024-04-01
62,HRL,2024040105000116,6,42,160.00,597.00,"95,520.00",2024-04-01
63,HRL,2024040105000117,38,6,10.00,596.70,"5,967.00",2024-04-01
64,HRL,2024040105000118,66,6,10.00,596.60,"5,966.00",2024-04-01
65,HRL,2024040105000119,54,42,30.00,597.00,"17,910.00",2024-04-01
66,HRL,2024040105000120,54,42,170.00,597.10,"101,507.00",2024-04-01
67,HRL,2024040105000123,57,21,10.00,596.70,"5,967.00",2024-04-01
68,HRL,2024040105000124,57,6,20.00,596.70,"11,934.00",2024-04-01
69,HRL,2024040105000126,57,62,10.00,596.70,"5,967.00",2024-04-01
70,HRL,2024040105000127,10,13,20.00,596.80,"11,936.00",2024-04-01
71,HRL,2024040105000128,57,6,20.00,596.70,"11,934.00",2024-04-01
72,HRL,2024040105000129,57,14,10.00,596.80,"5,968.00",2024-04-01
73,HRL,2024040105000130,57,21,10.00,597.00,"5,970.00",2024-04-01
74,HRL,2024040105000134,57,50,20.00,597.00,"11,940.00",2024-04-01
75,HRL,2024040105000135,57,13,16.00,597.00,"9,552.00",2024-04-01
76,HRL,2024040105000136,50,42,10.00,597.10,"5,971.00",2024-04-01
77,HRL,2024040105000138,5,42,50.00,597.10,"29,855.00",2024-04-01
78,HRL,2024040105000139,1,34,10.00,596.90,"5,969.00",2024-04-01
79,HRL,2024040105000140,1,58,70.00,596.90,"41,783.00",2024-04-01
80,HRL,2024040105000141,42,43,30.00,597.00,"17,910.00",2024-04-01
81,HRL,2024040105000142,48,34,20.00,597.00,"11,940.00",2024-04-01
82,HRL,2024040105000143,48,10,20.00,597.00,"11,940.00",2024-04-01
83,HRL,2024040105000144,48,58,20.00,597.00,"11,940.00",2024-04-01
84,HRL,2024040105000148,43,42,170.00,597.10,"101,507.00",2024-04-01
85,HRL,2024040105000149,43,58,10.00,597.10,"5,971.00",2024-04-01
86,HRL,2024040105000150,43,74,10.00,597.10,"5,971.00",2024-04-01
87,HRL,2024040105000152,38,25,10.00,598.00,"5,980.00",2024-04-01
88,HRL,2024040105000153,62,58,10.00,597.10,"5,971.00",2024-04-01
89,HRL,2024040105000154,48,35,40.00,598.00,"23,920.00",2024-04-01
90,HRL,2024040105000159,26,3,10.00,598.00,"5,980.00",2024-04-01
91,HRL,2024040105000160,26,38,10.00,598.00,"5,980.00",2024-04-01
92,HRL,2024040105000161,26,45,10.00,599.00,"5,990.00",2024-04-01
93,HRL,2024040105000162,26,58,10.00,599.00,"5,990.00",2024-04-01
94,HRL,2024040105000163,26,42,20.00,599.00,"11,980.00",2024-04-01
95,HRL,2024040105000164,26,19,20.00,599.00,"11,980.00",2024-04-01
96,HRL,2024040105000165,26,21,10.00,599.00,"5,990.00",2024-04-01
97,HRL,2024040105000166,26,50,10.00,599.00,"5,990.00",2024-04-01
98,HRL,2024040105000171,52,38,30.00,598.00,"17,940.00",2024-04-01
99,HRL,2024040105000172,1,58,10.00,598.00,"5,980.00",2024-04-01
100,HRL,2024040105000175,1,46,20.00,598.00,"11,960.00",2024-04-01
101,HRL,2024040105000179,1,42,10.00,598.00,"5,980.00",2024-04-01
102,HRL,2024040105000180,1,58,10.00,598.00,"5,980.00",2024-04-01
103,HRL,2024040105000182,11,50,10.00,599.00,"5,990.00",2024-04-01
104,HRL,2024040105000183,11,41,10.00,599.00,"5,990.00",2024-04-01
105,HRL,2024040105000184,1,22,10.00,598.00,"5,980.00",2024-04-01
106,HRL,2024040105000185,1,10,20.00,598.00,"11,960.00",2024-04-01
107,HRL,2024040105000186,1,41,10.00,598.00,"5,980.00",2024-04-01
108,HRL,2024040105000190,66,22,10.00,599.00,"5,990.00",2024-04-01
109,HRL,2024040105000198,7,6,10.00,600.00,"6,000.00",2024-04-01
110,HRL,2024040105000199,58,45,30.00,600.00,"18,000.00",2024-04-01
111,HRL,2024040105000200,66,58,10.00,599.00,"5,990.00",2024-04-01
112,HRL,2024040105000201,66,38,20.00,599.00,"11,980.00",2024-04-01
113,HRL,2024040105000202,61,34,30.00,600.00,"18,000.00",2024-04-01
114,HRL,2024040105000203,61,49,10.00,600.00,"6,000.00",2024-04-01
115,HRL,2024040105000204,61,1,20.00,600.00,"12,000.00",2024-04-01
116,HRL,2024040105000205,61,58,20.00,600.00,"12,000.00",2024-04-01
117,HRL,2024040105000206,61,29,10.00,600.00,"6,000.00",2024-04-01
118,HRL,2024040105000207,61,57,20.00,600.00,"12,000.00",2024-04-01
119,HRL,2024040105000208,61,58,10.00,600.00,"6,000.00",2024-04-01
120,HRL,2024040105000209,61,58,20.00,600.00,"12,000.00",2024-04-01
121,HRL,2024040105000210,61,49,30.00,600.00,"18,000.00",2024-04-01
122,HRL,2024040105000211,61,32,20.00,600.00,"12,000.00",2024-04-01
123,HRL,2024040105000212,61,19,20.00,600.00,"12,000.00",2024-04-01
124,HRL,2024040105000213,61,58,10.00,600.00,"6,000.00",2024-04-01
125,HRL,2024040105000214,61,58,10.00,600.00,"6,000.00",2024-04-01
126,HRL,2024040105000215,61,42,20.00,600.00,"12,000.00",2024-04-01
127,HRL,2024040105000216,61,3,10.00,600.00,"6,000.00",2024-04-01
128,HRL,2024040105000217,61,14,10.00,600.00,"6,000.00",2024-04-01
129,HRL,2024040105000218,61,42,20.00,600.00,"12,000.00",2024-04-01
130,HRL,2024040105000219,61,22,10.00,600.00,"6,000.00",2024-04-01
131,HRL,2024040105000220,61,38,129.00,600.00,"77,400.00",2024-04-01
132,HRL,2024040105000221,61,40,300.00,600.00,"180,000.00",2024-04-01
133,HRL,2024040105000222,61,56,10.00,600.00,"6,000.00",2024-04-01
134,HRL,2024040105000223,61,49,10.00,600.00,"6,000.00",2024-04-01
135,HRL,2024040105000224,61,4,10.00,600.00,"6,000.00",2024-04-01
136,HRL,2024040105000225,61,26,10.00,600.00,"6,000.00",2024-04-01
137,HRL,2024040105000226,61,44,10.00,600.00,"6,000.00",2024-04-01
138,HRL,2024040105000227,61,57,20.00,600.00,"12,000.00",2024-04-01
139,HRL,2024040105000228,61,58,10.00,600.00,"6,000.00",2024-04-01
140,HRL,2024040105000229,61,45,10.00,600.00,"6,000.00",2024-04-01
141,HRL,2024040105000230,61,42,20.00,600.00,"12,000.00",2024-04-01
142,HRL,2024040105000231,61,34,10.00,600.00,"6,000.00",2024-04-01
143,HRL,2024040105000232,61,42,30.00,600.00,"18,000.00",2024-04-01
144,HRL,2024040105000233,61,32,20.00,600.00,"12,000.00",2024-04-01
145,HRL,2024040105000234,61,49,20.00,600.00,"12,000.00",2024-04-01
146,HRL,2024040105000235,61,38,10.00,600.00,"6,000.00",2024-04-01
147,HRL,2024040105000237,61,45,10.00,600.00,"6,000.00",2024-04-01
148,HRL,2024040105000238,61,57,20.00,600.00,"12,000.00",2024-04-01
149,HRL,2024040105000239,61,50,20.00,600.00,"12,000.00",2024-04-01
150,HRL,2024040105000242,34,34,3.00,599.50,"1,798.50",2024-04-01
151,HRL,2024040105000243,61,18,20.00,600.00,"12,000.00",2024-04-01
152,HRL,2024040105000244,54,58,10.00,600.00,"6,000.00",2024-04-01
153,HRL,2024040105000245,54,21,10.00,600.00,"6,000.00",2024-04-01
154,HRL,2024040105000247,54,18,20.00,600.00,"12,000.00",2024-04-01
155,HRL,2024040105000249,54,18,20.00,600.00,"12,000.00",2024-04-01
156,HRL,2024040105000252,54,52,15.00,600.00,"9,000.00",2024-04-01
157,HRL,2024040105000253,55,52,15.00,600.00,"9,000.00",2024-04-01
158,HRL,2024040105000254,55,7,10.00,600.00,"6,000.00",2024-04-01
159,HRL,2024040105000255,55,55,10.00,600.00,"6,000.00",2024-04-01
160,HRL,2024040105000256,55,35,20.00,600.00,"12,000.00",2024-04-01
161,HRL,2024040105000257,55,52,30.00,600.00,"18,000.00",2024-04-01
162,HRL,2024040105000263,55,41,10.00,600.00,"6,000.00",2024-04-01
163,HRL,2024040105000264,55,56,20.00,600.00,"12,000.00",2024-04-01
164,HRL,2024040105000269,55,18,20.00,600.00,"12,000.00",2024-04-01
165,HRL,2024040105000270,61,1,10.00,600.10,"6,001.00",2024-04-01
166,HRL,2024040105000271,61,58,10.00,600.90,"6,009.00",2024-04-01
167,HRL,2024040105000274,4,17,10.00,600.10,"6,001.00",2024-04-01
168,HRL,2024040105000276,4,58,10.00,600.10,"6,001.00",2024-04-01
169,HRL,2024040105000277,4,18,40.00,600.10,"24,004.00",2024-04-01
170,HRL,2024040105000278,4,17,10.00,600.10,"6,001.00",2024-04-01
171,HRL,2024040105000281,61,41,11.00,600.90,"6,609.90",2024-04-01
172,HRL,2024040105000282,4,44,430.00,600.10,"258,043.00",2024-04-01
173,HRL,2024040105000283,55,44,70.00,600.00,"42,000.00",2024-04-01
174,HRL,2024040105000284,55,18,20.00,600.00,"12,000.00",2024-04-01
175,HRL,2024040105000285,55,57,10.00,600.00,"6,000.00",2024-04-01
176,HRL,2024040105000286,55,18,20.00,600.00,"12,000.00",2024-04-01
177,HRL,2024040105000287,55,21,10.00,600.00,"6,000.00",2024-04-01
178,HRL,2024040105000288,55,21,10.00,600.00,"6,000.00",2024-04-01
179,HRL,2024040105000289,55,53,20.00,600.00,"12,000.00",2024-04-01
180,HRL,2024040105000290,55,36,10.00,600.00,"6,000.00",2024-04-01
181,HRL,2024040105000291,55,56,20.00,600.00,"12,000.00",2024-04-01
182,HRL,2024040105000292,55,57,10.00,600.00,"6,000.00",2024-04-01
183,HRL,2024040105000293,46,18,20.00,600.10,"12,002.00",2024-04-01
184,HRL,2024040105000298,46,34,10.00,600.10,"6,001.00",2024-04-01
185,HRL,2024040105000299,46,34,10.00,600.10,"6,001.00",2024-04-01
186,HRL,2024040105000301,46,41,10.00,600.10,"6,001.00",2024-04-01
187,HRL,2024040105000302,46,18,20.00,600.10,"12,002.00",2024-04-01
188,HRL,2024040105000303,46,8,10.00,600.10,"6,001.00",2024-04-01
189,HRL,2024040105000304,46,58,10.00,600.10,"6,001.00",2024-04-01
190,HRL,2024040105000305,46,58,100.00,600.10,"60,010.00",2024-04-01
191,HRL,2024040105000306,46,38,10.00,600.10,"6,001.00",2024-04-01
192,HRL,2024040105000307,46,58,30.00,600.10,"18,003.00",2024-04-01
193,HRL,2024040105000308,46,35,20.00,600.10,"12,002.00",2024-04-01
194,HRL,2024040105000309,46,28,20.00,600.10,"12,002.00",2024-04-01
195,HRL,2024040105000311,46,32,10.00,600.10,"6,001.00",2024-04-01
196,HRL,2024040105000313,46,8,10.00,600.10,"6,001.00",2024-04-01
197,HRL,2024040105000321,46,49,30.00,600.10,"18,003.00",2024-04-01
198,HRL,2024040105000323,46,34,30.00,600.10,"18,003.00",2024-04-01
199,HRL,2024040105000326,46,57,20.00,600.10,"12,002.00",2024-04-01
200,HRL,2024040105000328,46,16,10.00,600.10,"6,001.00",2024-04-01
201,HRL,2024040105000332,46,7,10.00,600.10,"6,001.00",2024-04-01
202,HRL,2024040105000336,60,38,90.00,600.20,"54,018.00",2024-04-01
203,HRL,2024040105000339,60,42,11.00,600.20,"6,602.20",2024-04-01
204,HRL,2024040105000340,60,8,10.00,600.20,"6,002.00",2024-04-01
205,HRL,2024040105000349,60,52,10.00,600.20,"6,002.00",2024-04-01
206,HRL,2024040105000350,60,49,10.00,600.20,"6,002.00",2024-04-01
207,HRL,2024040105000354,60,35,20.00,600.20,"12,004.00",2024-04-01
208,HRL,2024040105000355,60,59,10.00,600.20,"6,002.00",2024-04-01
209,HRL,2024040105000356,6,41,19.00,600.90,"11,417.10",2024-04-01
210,HRL,2024040105000357,6,44,10.00,600.90,"6,009.00",2024-04-01
211,HRL,2024040105000358,6,35,10.00,601.00,"6,010.00",2024-04-01
212,HRL,2024040105000359,6,41,10.00,601.00,"6,010.00",2024-04-01
213,HRL,2024040105000360,6,58,100.00,601.00,"60,100.00",2024-04-01
214,HRL,2024040105000361,6,57,10.00,601.00,"6,010.00",2024-04-01
215,HRL,2024040105000362,6,45,10.00,601.00,"6,010.00",2024-04-01
216,HRL,2024040105000363,6,1,40.00,601.00,"24,040.00",2024-04-01
217,HRL,2024040105000364,6,58,20.00,601.00,"12,020.00",2024-04-01
218,HRL,2024040105000365,6,51,20.00,601.00,"12,020.00",2024-04-01
219,HRL,2024040105000366,6,58,10.00,601.00,"6,010.00",2024-04-01
220,HRL,2024040105000367,6,6,10.00,601.00,"6,010.00",2024-04-01
221,HRL,2024040105000368,61,40,10.00,602.00,"6,020.00",2024-04-01
222,HRL,2024040105000369,61,52,200.00,602.00,"120,400.00",2024-04-01
223,HRL,2024040105000370,61,54,10.00,602.00,"6,020.00",2024-04-01
224,HRL,2024040105000371,61,58,10.00,602.00,"6,020.00",2024-04-01
225,HRL,2024040105000372,61,43,10.00,602.00,"6,020.00",2024-04-01
226,HRL,2024040105000373,61,57,20.00,602.00,"12,040.00",2024-04-01
227,HRL,2024040105000374,61,58,10.00,602.00,"6,020.00",2024-04-01
228,HRL,2024040105000375,61,21,110.00,602.00,"66,220.00",2024-04-01
229,HRL,2024040105000376,61,35,30.00,602.00,"18,060.00",2024-04-01
230,HRL,2024040105000377,61,22,30.00,602.00,"18,060.00",2024-04-01
231,HRL,2024040105000378,61,56,30.00,602.00,"18,060.00",2024-04-01
232,HRL,2024040105000379,61,55,10.00,602.00,"6,020.00",2024-04-01
233,HRL,2024040105000380,61,49,10.00,602.00,"6,020.00",2024-04-01
234,HRL,2024040105000381,61,41,10.00,602.00,"6,020.00",2024-04-01
235,HRL,2024040105000383,61,45,20.00,602.00,"12,040.00",2024-04-01
236,HRL,2024040105000384,61,13,10.00,602.00,"6,020.00",2024-04-01
237,HRL,2024040105000385,61,39,20.00,602.00,"12,040.00",2024-04-01
238,HRL,2024040105000386,61,49,10.00,602.00,"6,020.00",2024-04-01
239,HRL,2024040105000387,61,13,10.00,602.00,"6,020.00",2024-04-01
240,HRL,2024040105000388,61,6,10.00,602.00,"6,020.00",2024-04-01
241,HRL,2024040105000394,6,35,10.00,601.00,"6,010.00",2024-04-01
242,HRL,2024040105000395,42,52,10.00,601.10,"6,011.00",2024-04-01
243,HRL,2024040105000398,56,49,10.00,602.00,"6,020.00",2024-04-01
244,HRL,2024040105000399,56,35,20.00,602.00,"12,040.00",2024-04-01
245,HRL,2024040105000400,56,58,10.00,603.00,"6,030.00",2024-04-01
246,HRL,2024040105000401,56,21,10.00,603.00,"6,030.00",2024-04-01
247,HRL,2024040105000402,56,36,10.00,603.00,"6,030.00",2024-04-01
248,HRL,2024040105000403,56,58,20.00,603.00,"12,060.00",2024-04-01
249,HRL,2024040105000404,56,58,10.00,603.00,"6,030.00",2024-04-01
250,HRL,2024040105000405,56,22,10.00,603.00,"6,030.00",2024-04-01
251,HRL,2024040105000406,42,21,10.00,601.10,"6,011.00",2024-04-01
252,HRL,2024040105000410,58,6,10.00,602.00,"6,020.00",2024-04-01
253,HRL,2024040105000411,42,48,10.00,601.10,"6,011.00",2024-04-01
254,HRL,2024040105000412,42,54,10.00,601.10,"6,011.00",2024-04-01
255,HRL,2024040105000417,42,21,10.00,601.10,"6,011.00",2024-04-01
256,HRL,2024040105000418,42,17,10.00,601.10,"6,011.00",2024-04-01
257,HRL,2024040105000421,34,6,10.00,602.90,"6,029.00",2024-04-01
258,HRL,2024040105000422,34,38,10.00,603.00,"6,030.00",2024-04-01
259,HRL,2024040105000423,34,25,10.00,603.00,"6,030.00",2024-04-01
260,HRL,2024040105000424,34,59,40.00,603.00,"24,120.00",2024-04-01
261,HRL,2024040105000425,34,4,20.00,603.00,"12,060.00",2024-04-01
262,HRL,2024040105000427,42,57,20.00,601.10,"12,022.00",2024-04-01
263,HRL,2024040105000429,42,43,20.00,601.10,"12,022.00",2024-04-01
264,HRL,2024040105000430,6,43,60.00,601.00,"36,060.00",2024-04-01
265,HRL,2024040105000433,6,36,40.00,601.00,"24,040.00",2024-04-01
266,HRL,2024040105000434,6,57,10.00,601.00,"6,010.00",2024-04-01
267,HRL,2024040105000435,6,35,10.00,601.00,"6,010.00",2024-04-01
268,HRL,2024040105000436,6,35,10.00,601.00,"6,010.00",2024-04-01
269,HRL,2024040105000438,6,17,10.00,601.00,"6,010.00",2024-04-01
270,HRL,2024040105000439,34,44,30.00,601.10,"18,033.00",2024-04-01
271,HRL,2024040105000440,34,44,10.00,601.10,"6,011.00",2024-04-01
272,HRL,2024040105000441,34,58,10.00,601.10,"6,011.00",2024-04-01
273,HRL,2024040105000444,6,41,10.00,601.00,"6,010.00",2024-04-01
274,HRL,2024040105000445,6,14,20.00,601.00,"12,020.00",2024-04-01
275,HRL,2024040105000446,6,41,50.00,601.00,"30,050.00",2024-04-01
276,HRL,2024040105000448,74,58,20.00,601.00,"12,020.00",2024-04-01
277,HRL,2024040105000449,74,38,10.00,601.00,"6,010.00",2024-04-01
278,HRL,2024040105000451,74,35,20.00,601.00,"12,020.00",2024-04-01
279,HRL,2024040105000455,74,58,10.00,601.00,"6,010.00",2024-04-01
280,HRL,2024040105000456,74,54,10.00,601.00,"6,010.00",2024-04-01
281,HRL,2024040105000457,74,58,10.00,601.00,"6,010.00",2024-04-01
282,HRL,2024040105000459,74,44,10.00,601.00,"6,010.00",2024-04-01
283,HRL,2024040105000461,74,45,10.00,601.00,"6,010.00",2024-04-01
284,HRL,2024040105000464,74,58,10.00,601.00,"6,010.00",2024-04-01
285,HRL,2024040105000465,74,36,10.00,601.00,"6,010.00",2024-04-01
286,HRL,2024040105000466,74,59,20.00,601.00,"12,020.00",2024-04-01
287,HRL,2024040105000468,74,52,10.00,601.00,"6,010.00",2024-04-01
288,HRL,2024040105000470,74,82,350.00,601.00,"210,350.00",2024-04-01
289,HRL,2024040105000471,80,82,100.00,601.00,"60,100.00",2024-04-01
290,HRL,2024040105000472,61,82,420.00,600.30,"252,126.00",2024-04-01
291,HRL,2024040105000473,60,82,339.00,600.20,"203,467.80",2024-04-01
292,HRL,2024040105000474,7,82,500.00,600.20,"300,100.00",2024-04-01
293,HRL,2024040105000475,46,82,110.00,600.10,"66,011.00",2024-04-01
294,HRL,2024040105000476,66,82,200.00,600.10,"120,020.00",2024-04-01
295,HRL,2024040105000477,55,82,"3,932.00",600.00,"2,359,200.00",2024-04-01
296,HRL,2024040105000480,55,36,10.00,600.00,"6,000.00",2024-04-01
297,HRL,2024040105000483,13,36,20.00,601.00,"12,020.00",2024-04-01
298,HRL,2024040105000484,13,22,10.00,601.00,"6,010.00",2024-04-01
299,HRL,2024040105000486,13,32,20.00,601.00,"12,020.00",2024-04-01
300,HRL,2024040105000487,13,19,10.00,601.00,"6,010.00",2024-04-01
301,HRL,2024040105000488,13,49,10.00,601.00,"6,010.00",2024-04-01
302,HRL,2024040105000489,33,41,10.00,602.00,"6,020.00",2024-04-01
303,HRL,2024040105000490,33,51,10.00,602.00,"6,020.00",2024-04-01
304,HRL,2024040105000491,33,58,10.00,602.00,"6,020.00",2024-04-01
305,HRL,2024040105000492,33,58,10.00,602.00,"6,020.00",2024-04-01
306,HRL,2024040105000493,33,52,45.00,602.90,"27,130.50",2024-04-01
307,HRL,2024040105000494,13,58,10.00,601.00,"6,010.00",2024-04-01
308,HRL,2024040105000495,13,58,10.00,601.00,"6,010.00",2024-04-01
309,HRL,2024040105000497,13,38,10.00,601.00,"6,010.00",2024-04-01
310,HRL,2024040105000498,55,36,30.00,600.00,"18,000.00",2024-04-01
311,HRL,2024040105000499,55,17,20.00,600.00,"12,000.00",2024-04-01
312,HRL,2024040105000500,55,32,10.00,600.00,"6,000.00",2024-04-01
313,HRL,2024040105000501,11,38,10.00,601.00,"6,010.00",2024-04-01
314,HRL,2024040105000502,11,59,10.00,601.00,"6,010.00",2024-04-01
315,HRL,2024040105000504,55,58,10.00,600.00,"6,000.00",2024-04-01
316,HRL,2024040105000514,57,34,20.00,601.00,"12,020.00",2024-04-01
317,HRL,2024040105000517,57,16,10.00,601.00,"6,010.00",2024-04-01
318,HRL,2024040105000519,57,58,20.00,601.00,"12,020.00",2024-04-01
319,HRL,2024040105000520,57,3,10.00,601.00,"6,010.00",2024-04-01
320,HRL,2024040105000522,52,42,10.00,601.00,"6,010.00",2024-04-01
321,HRL,2024040105000523,52,38,10.00,601.00,"6,010.00",2024-04-01
322,HRL,2024040105000524,52,34,30.00,601.00,"18,030.00",2024-04-01
323,HRL,2024040105000525,60,46,10.00,600.10,"6,001.00",2024-04-01
324,HRL,2024040105000526,60,36,30.00,600.10,"18,003.00",2024-04-01
325,HRL,2024040105000527,60,42,10.00,600.10,"6,001.00",2024-04-01
326,HRL,2024040105000528,52,41,10.00,600.20,"6,002.00",2024-04-01
327,HRL,2024040105000530,52,58,30.00,600.20,"18,006.00",2024-04-01
328,HRL,2024040105000535,52,55,10.00,600.20,"6,002.00",2024-04-01
329,HRL,2024040105000536,60,21,10.00,600.10,"6,001.00",2024-04-01
330,HRL,2024040105000537,60,35,10.00,600.10,"6,001.00",2024-04-01
331,HRL,2024040105000539,60,57,10.00,600.10,"6,001.00",2024-04-01
332,HRL,2024040105000541,60,53,10.00,600.10,"6,001.00",2024-04-01
333,HRL,2024040105000544,52,38,10.00,600.20,"6,002.00",2024-04-01
334,HRL,2024040105000547,52,44,10.00,600.20,"6,002.00",2024-04-01
335,HRL,2024040105000548,41,56,10.00,601.00,"6,010.00",2024-04-01
336,HRL,2024040105000549,41,4,10.00,601.00,"6,010.00",2024-04-01
337,HRL,2024040105000551,52,32,10.00,600.20,"6,002.00",2024-04-01
338,HRL,2024040105000552,52,14,20.00,600.20,"12,004.00",2024-04-01
339,HRL,2024040105000553,52,68,20.00,600.20,"12,004.00",2024-04-01
340,HRL,2024040105000554,49,44,60.00,600.40,"36,024.00",2024-04-01
341,HRL,2024040105000555,52,44,30.00,600.20,"18,006.00",2024-04-01
342,HRL,2024040105000556,60,44,410.00,600.10,"246,041.00",2024-04-01
343,HRL,2024040105000557,55,44,653.00,600.00,"391,800.00",2024-04-01
344,HRL,2024040105000558,35,44,200.00,600.00,"120,000.00",2024-04-01
345,HRL,2024040105000559,8,44,100.00,600.00,"60,000.00",2024-04-01
346,HRL,2024040105000560,57,44,50.00,600.00,"30,000.00",2024-04-01
347,HRL,2024040105000561,55,44,"6,000.00",600.00,"3,600,000.00",2024-04-01
348,HRL,2024040105000562,58,44,25.00,600.00,"15,000.00",2024-04-01
349,HRL,2024040105000564,66,29,10.00,599.00,"5,990.00",2024-04-01
350,HRL,2024040105000565,66,29,10.00,599.00,"5,990.00",2024-04-01
351,HRL,2024040105000566,42,44,102.00,600.00,"61,200.00",2024-04-01
352,HRL,2024040105000570,66,55,10.00,599.00,"5,990.00",2024-04-01
353,HRL,2024040105000573,66,28,10.00,599.00,"5,990.00",2024-04-01
354,HRL,2024040105000574,66,34,20.00,599.00,"11,980.00",2024-04-01
355,HRL,2024040105000576,58,42,10.00,599.00,"5,990.00",2024-04-01
356,HRL,2024040105000577,58,58,10.00,599.00,"5,990.00",2024-04-01
357,HRL,2024040105000578,58,34,20.00,599.00,"11,980.00",2024-04-01
358,HRL,2024040105000581,58,17,73.00,599.00,"43,727.00",2024-04-01
359,HRL,2024040105000582,51,17,50.00,599.00,"29,950.00",2024-04-01
360,HRL,2024040105000583,1,17,110.00,598.00,"65,780.00",2024-04-01
361,HRL,2024040105000584,65,17,20.00,598.00,"11,960.00",2024-04-01
362,HRL,2024040105000585,57,17,147.00,598.00,"87,906.00",2024-04-01
363,HRL,2024040105000586,57,34,20.00,598.00,"11,960.00",2024-04-01
364,HRL,2024040105000593,29,36,10.00,599.00,"5,990.00",2024-04-01
365,HRL,2024040105000594,29,53,10.00,599.00,"5,990.00",2024-04-01
366,HRL,2024040105000595,29,21,10.00,600.00,"6,000.00",2024-04-01
367,HRL,2024040105000596,29,50,10.00,600.00,"6,000.00",2024-04-01
368,HRL,2024040105000597,57,34,20.00,598.00,"11,960.00",2024-04-01
369,HRL,2024040105000598,57,33,10.00,598.00,"5,980.00",2024-04-01
370,HRL,2024040105000599,57,4,10.00,598.00,"5,980.00",2024-04-01
371,HRL,2024040105000600,57,57,10.00,598.00,"5,980.00",2024-04-01
372,HRL,2024040105000607,57,14,10.00,598.00,"5,980.00",2024-04-01
373,HRL,2024040105000610,57,58,10.00,598.00,"5,980.00",2024-04-01
374,HRL,2024040105000613,47,34,10.00,598.10,"5,981.00",2024-04-01
375,HRL,2024040105000615,47,25,10.00,598.10,"5,981.00",2024-04-01
376,HRL,2024040105000617,47,34,10.00,598.10,"5,981.00",2024-04-01
377,HRL,2024040105000618,47,58,10.00,598.10,"5,981.00",2024-04-01
378,HRL,2024040105000623,45,41,10.00,598.20,"5,982.00",2024-04-01
379,HRL,2024040105000646,52,11,10.00,598.30,"5,983.00",2024-04-01
380,HRL,2024040105000649,45,49,20.00,598.40,"11,968.00",2024-04-01
381,HRL,2024040105000651,45,29,20.00,598.40,"11,968.00",2024-04-01
382,HRL,2024040105000652,45,57,20.00,598.40,"11,968.00",2024-04-01
383,HRL,2024040105000655,45,61,10.00,598.40,"5,984.00",2024-04-01
384,HRL,2024040105000660,45,54,10.00,598.40,"5,984.00",2024-04-01
385,HRL,2024040105000661,45,56,10.00,598.40,"5,984.00",2024-04-01
386,HRL,2024040105000663,52,49,10.00,598.30,"5,983.00",2024-04-01
387,HRL,2024040105000665,52,45,10.00,598.30,"5,983.00",2024-04-01
388,HRL,2024040105000668,52,16,20.00,598.30,"11,966.00",2024-04-01
389,HRL,2024040105000669,47,16,10.00,598.10,"5,981.00",2024-04-01
390,HRL,2024040105000670,44,16,80.00,598.10,"47,848.00",2024-04-01
391,HRL,2024040105000671,57,16,120.00,598.00,"71,760.00",2024-04-01
392,HRL,2024040105000672,57,19,10.00,598.00,"5,980.00",2024-04-01
393,HRL,2024040105000687,57,41,10.00,598.00,"5,980.00",2024-04-01
394,HRL,2024040105000688,57,35,343.00,598.00,"205,114.00",2024-04-01
395,HRL,2024040105000689,34,35,20.00,598.00,"11,960.00",2024-04-01
396,HRL,2024040105000690,6,35,100.00,598.00,"59,800.00",2024-04-01
397,HRL,2024040105000691,49,35,37.00,598.00,"22,126.00",2024-04-01
398,HRL,2024040105000692,49,49,20.00,598.00,"11,960.00",2024-04-01
399,HRL,2024040105000693,49,57,10.00,598.00,"5,980.00",2024-04-01
400,HRL,2024040105000695,49,34,10.00,598.00,"5,980.00",2024-04-01
401,HRL,2024040105000697,49,63,21.00,598.00,"12,558.00",2024-04-01
402,HRL,2024040105000698,45,63,100.00,598.00,"59,800.00",2024-04-01
403,HRL,2024040105000699,66,63,179.00,598.00,"107,042.00",2024-04-01
404,HRL,2024040105000704,66,21,10.00,598.00,"5,980.00",2024-04-01
405,HRL,2024040105000709,66,17,20.00,598.00,"11,960.00",2024-04-01
406,HRL,2024040105000710,66,6,40.00,598.00,"23,920.00",2024-04-01
407,HRL,2024040105000711,44,58,10.00,598.10,"5,981.00",2024-04-01
408,HRL,2024040105000713,44,29,20.00,598.10,"11,962.00",2024-04-01
409,HRL,2024040105000715,65,25,20.00,598.10,"11,962.00",2024-04-01
410,HRL,2024040105000716,44,34,10.00,598.40,"5,984.00",2024-04-01
411,HRL,2024040105000719,65,57,10.00,598.10,"5,981.00",2024-04-01
412,HRL,2024040105000721,34,36,20.00,598.20,"11,964.00",2024-04-01
413,HRL,2024040105000723,34,29,20.00,598.20,"11,964.00",2024-04-01
414,HRL,2024040105000726,34,58,10.00,598.20,"5,982.00",2024-04-01
415,HRL,2024040105000728,34,25,20.00,598.20,"11,964.00",2024-04-01
416,HRL,2024040105000729,34,34,10.00,598.20,"5,982.00",2024-04-01
417,HRL,2024040105000730,34,7,20.00,598.20,"11,964.00",2024-04-01
418,HRL,2024040105000733,22,51,10.00,598.20,"5,982.00",2024-04-01
419,HRL,2024040105000735,65,47,20.00,598.10,"11,962.00",2024-04-01
420,HRL,2024040105000736,65,25,20.00,598.10,"11,962.00",2024-04-01
421,HRL,2024040105000737,22,58,10.00,598.20,"5,982.00",2024-04-01
422,HRL,2024040105000738,65,51,10.00,598.10,"5,981.00",2024-04-01
423,HRL,2024040105000739,65,25,20.00,598.10,"11,962.00",2024-04-01
424,HRL,2024040105000744,65,59,10.00,598.10,"5,981.00",2024-04-01
425,HRL,2024040105000745,65,13,10.00,598.10,"5,981.00",2024-04-01
426,HRL,2024040105000746,57,58,10.00,598.20,"5,982.00",2024-04-01
427,HRL,2024040105000747,57,25,10.00,598.20,"5,982.00",2024-04-01
428,HRL,2024040105000748,11,25,10.00,598.20,"5,982.00",2024-04-01
429,HRL,2024040105000751,65,58,10.00,598.10,"5,981.00",2024-04-01
430,HRL,2024040105000752,65,19,20.00,598.10,"11,962.00",2024-04-01
431,HRL,2024040105000753,65,29,20.00,598.10,"11,962.00",2024-04-01
432,HRL,2024040105000754,65,10,10.00,598.10,"5,981.00",2024-04-01
433,HRL,2024040105000755,65,34,10.00,598.10,"5,981.00",2024-04-01
434,HRL,2024040105000756,65,58,10.00,598.10,"5,981.00",2024-04-01
435,HRL,2024040105000759,65,35,10.00,598.10,"5,981.00",2024-04-01
436,HRL,2024040105000760,44,35,10.00,598.20,"5,982.00",2024-04-01
437,HRL,2024040105000762,11,38,10.00,598.20,"5,982.00",2024-04-01
438,HRL,2024040105000763,65,38,20.00,598.10,"11,962.00",2024-04-01
439,HRL,2024040105000765,65,39,20.00,598.10,"11,962.00",2024-04-01
440,HRL,2024040105000768,65,39,55.00,598.10,"32,895.50",2024-04-01
441,HRL,2024040105000769,65,10,30.00,598.10,"17,943.00",2024-04-01
442,HRL,2024040105000772,65,4,10.00,598.10,"5,981.00",2024-04-01
443,HRL,2024040105000777,65,19,10.00,598.10,"5,981.00",2024-04-01
444,HRL,2024040105000781,65,59,20.00,598.10,"11,962.00",2024-04-01
445,HRL,2024040105000783,65,32,10.00,598.10,"5,981.00",2024-04-01
446,HRL,2024040105000786,65,43,10.00,598.10,"5,981.00",2024-04-01
447,HRL,2024040105000791,65,58,10.00,598.10,"5,981.00",2024-04-01
448,HRL,2024040105000792,65,17,10.00,598.10,"5,981.00",2024-04-01
449,HRL,2024040105000795,65,57,85.00,598.10,"50,838.50",2024-04-01
450,HRL,2024040105000796,44,57,15.00,598.10,"8,971.50",2024-04-01
451,HRL,2024040105000799,42,52,10.00,599.00,"5,990.00",2024-04-01
452,HRL,2024040105000800,42,19,10.00,599.00,"5,990.00",2024-04-01
453,HRL,2024040105000807,44,58,10.00,598.10,"5,981.00",2024-04-01
454,HRL,2024040105000808,36,48,20.00,599.00,"11,980.00",2024-04-01
455,HRL,2024040105000809,36,19,10.00,599.00,"5,990.00",2024-04-01
456,HRL,2024040105000810,36,49,20.00,600.00,"12,000.00",2024-04-01
457,HRL,2024040105000811,36,21,10.00,600.00,"6,000.00",2024-04-01
458,HRL,2024040105000812,36,42,20.00,600.00,"12,000.00",2024-04-01
459,HRL,2024040105000813,36,52,20.00,600.00,"12,000.00",2024-04-01
460,HRL,2024040105000814,36,21,10.00,600.00,"6,000.00",2024-04-01
461,HRL,2024040105000815,36,47,10.00,600.00,"6,000.00",2024-04-01
462,HRL,2024040105000816,36,49,20.00,600.00,"12,000.00",2024-04-01
463,HRL,2024040105000817,36,38,20.00,600.00,"12,000.00",2024-04-01
464,HRL,2024040105000818,36,40,30.00,600.00,"18,000.00",2024-04-01
465,HRL,2024040105000819,36,25,10.00,600.00,"6,000.00",2024-04-01
466,HRL,2024040105000820,36,66,20.00,600.00,"12,000.00",2024-04-01
467,HRL,2024040105000821,36,14,10.00,600.00,"6,000.00",2024-04-01
468,HRL,2024040105000822,36,55,10.00,600.00,"6,000.00",2024-04-01
469,HRL,2024040105000823,36,48,80.00,600.00,"48,000.00",2024-04-01
470,HRL,2024040105000824,36,42,20.00,600.00,"12,000.00",2024-04-01
471,HRL,2024040105000825,36,11,10.00,600.00,"6,000.00",2024-04-01
472,HRL,2024040105000826,36,45,10.00,600.00,"6,000.00",2024-04-01
473,HRL,2024040105000827,36,47,20.00,600.00,"12,000.00",2024-04-01
474,HRL,2024040105000828,36,52,20.00,600.00,"12,000.00",2024-04-01
475,HRL,2024040105000829,36,52,10.00,600.00,"6,000.00",2024-04-01
476,HRL,2024040105000830,36,57,10.00,600.00,"6,000.00",2024-04-01
477,HRL,2024040105000831,36,52,30.00,600.00,"18,000.00",2024-04-01
478,HRL,2024040105000832,36,38,10.00,600.00,"6,000.00",2024-04-01
479,HRL,2024040105000833,36,58,10.00,600.00,"6,000.00",2024-04-01
480,HRL,2024040105000834,36,1,300.00,600.00,"180,000.00",2024-04-01
481,HRL,2024040105000835,36,58,10.00,600.00,"6,000.00",2024-04-01
482,HRL,2024040105000836,36,42,10.00,600.00,"6,000.00",2024-04-01
483,HRL,2024040105000837,36,45,20.00,600.00,"12,000.00",2024-04-01
484,HRL,2024040105000838,36,32,10.00,600.00,"6,000.00",2024-04-01
485,HRL,2024040105000839,36,45,20.00,600.00,"12,000.00",2024-04-01
486,HRL,2024040105000840,36,18,150.00,600.00,"90,000.00",2024-04-01
487,HRL,2024040105000841,36,44,10.00,600.00,"6,000.00",2024-04-01
488,HRL,2024040105000843,44,22,20.00,598.10,"11,962.00",2024-04-01
489,HRL,2024040105000847,44,49,10.00,598.10,"5,981.00",2024-04-01
490,HRL,2024040105000848,44,26,95.00,598.10,"56,819.50",2024-04-01
491,HRL,2024040105000849,33,26,205.00,598.10,"122,610.50",2024-04-01
492,HRL,2024040105000851,33,58,10.00,598.10,"5,981.00",2024-04-01
493,HRL,2024040105000855,42,41,10.00,598.20,"5,982.00",2024-04-01
494,HRL,2024040105000857,42,59,20.00,598.20,"11,964.00",2024-04-01
495,HRL,2024040105000858,33,57,285.00,598.10,"170,458.50",2024-04-01
496,HRL,2024040105000859,49,57,10.00,598.10,"5,981.00",2024-04-01
497,HRL,2024040105000860,22,57,10.00,598.10,"5,981.00",2024-04-01
498,HRL,2024040105000861,65,57,195.00,598.10,"116,629.50",2024-04-01
499,HRL,2024040105000862,65,35,10.00,598.10,"5,981.00",2024-04-01
500,HRL,2024040105000868,65,29,10.00,598.10,"5,981.00",2024-04-01
501,HRL,2024040105000869,38,57,10.00,599.00,"5,990.00",2024-04-01
502,HRL,2024040105000871,38,38,10.00,599.00,"5,990.00",2024-04-01
503,HRL,2024040105000872,38,35,200.00,599.00,"119,800.00",2024-04-01
504,HRL,2024040105000876,38,49,20.00,599.00,"11,980.00",2024-04-01
505,HRL,2024040105000878,38,48,10.00,599.00,"5,990.00",2024-04-01
506,HRL,2024040105000879,38,14,30.00,599.00,"17,970.00",2024-04-01
507,HRL,2024040105000881,38,11,10.00,599.00,"5,990.00",2024-04-01
508,HRL,2024040105000882,38,26,10.00,599.00,"5,990.00",2024-04-01
509,HRL,2024040105000885,38,42,10.00,599.00,"5,990.00",2024-04-01
510,HRL,2024040105000886,36,4,10.00,599.10,"5,991.00",2024-04-01
511,HRL,2024040105000887,36,45,10.00,600.00,"6,000.00",2024-04-01
512,HRL,2024040105000888,36,48,10.00,600.00,"6,000.00",2024-04-01
513,HRL,2024040105000889,36,35,10.00,600.00,"6,000.00",2024-04-01
514,HRL,2024040105000890,36,32,20.00,600.00,"12,000.00",2024-04-01
515,HRL,2024040105000891,36,62,20.00,600.00,"12,000.00",2024-04-01
516,HRL,2024040105000892,36,35,10.00,600.00,"6,000.00",2024-04-01
517,HRL,2024040105000893,36,49,185.00,600.00,"111,000.00",2024-04-01
518,HRL,2024040105000894,36,49,10.00,600.00,"6,000.00",2024-04-01
519,HRL,2024040105000895,36,42,10.00,600.00,"6,000.00",2024-04-01
520,HRL,2024040105000896,36,35,10.00,600.00,"6,000.00",2024-04-01
521,HRL,2024040105000897,36,35,10.00,600.00,"6,000.00",2024-04-01
522,HRL,2024040105000898,36,58,38.00,600.00,"22,800.00",2024-04-01
523,HRL,2024040105000899,36,57,20.00,600.00,"12,000.00",2024-04-01
524,HRL,2024040105000900,36,58,10.00,600.00,"6,000.00",2024-04-01
525,HRL,2024040105000901,36,40,17.00,600.00,"10,200.00",2024-04-01
526,HRL,2024040105000903,38,58,10.00,599.00,"5,990.00",2024-04-01
527,HRL,2024040105000907,38,58,10.00,599.00,"5,990.00",2024-04-01
528,HRL,2024040105000911,38,44,20.00,599.00,"11,980.00",2024-04-01
529,HRL,2024040105000912,38,11,20.00,599.00,"11,980.00",2024-04-01
530,HRL,2024040105000917,38,11,30.00,599.00,"17,970.00",2024-04-01
531,HRL,2024040105000918,38,56,30.00,599.00,"17,970.00",2024-04-01
532,HRL,2024040105000921,38,57,10.00,599.00,"5,990.00",2024-04-01
533,HRL,2024040105000922,38,36,30.00,599.00,"17,970.00",2024-04-01
534,HRL,2024040105000923,38,94,10.00,599.00,"5,990.00",2024-04-01
535,HRL,2024040105000924,38,22,10.00,599.00,"5,990.00",2024-04-01
536,HRL,2024040105000925,38,55,10.00,599.00,"5,990.00",2024-04-01
537,HRL,2024040105000926,6,55,20.00,599.00,"11,980.00",2024-04-01
538,HRL,2024040105000931,6,22,10.00,599.00,"5,990.00",2024-04-01
539,HRL,2024040105000934,6,13,20.00,599.00,"11,980.00",2024-04-01
540,HRL,2024040105000938,39,13,10.00,599.00,"5,990.00",2024-04-01
541,HRL,2024040105000939,39,57,10.00,599.00,"5,990.00",2024-04-01
542,HRL,2024040105000943,39,13,10.00,599.00,"5,990.00",2024-04-01
543,HRL,2024040105000944,87,58,20.00,598.20,"11,964.00",2024-04-01
544,HRL,2024040105000947,10,58,10.00,599.00,"5,990.00",2024-04-01
545,HRL,2024040105000954,87,33,200.00,598.20,"119,640.00",2024-04-01
546,HRL,2024040105000955,65,33,285.00,598.10,"170,458.50",2024-04-01
547,HRL,2024040105000956,42,33,15.00,598.10,"8,971.50",2024-04-01
548,HRL,2024040105000959,42,41,10.00,598.10,"5,981.00",2024-04-01
549,HRL,2024040105000960,42,35,25.00,598.10,"14,952.50",2024-04-01
550,HRL,2024040105000961,66,55,10.00,598.10,"5,981.00",2024-04-01
551,HRL,2024040105000965,69,64,10.00,598.20,"5,982.00",2024-04-01
552,HRL,2024040105000966,69,58,10.00,598.20,"5,982.00",2024-04-01
553,HRL,2024040105000971,69,50,10.00,598.20,"5,982.00",2024-04-01
554,HRL,2024040105000972,35,59,20.00,599.00,"11,980.00",2024-04-01
555,HRL,2024040105000974,35,26,10.00,599.00,"5,990.00",2024-04-01
556,HRL,2024040105000979,69,49,10.00,598.20,"5,982.00",2024-04-01
557,HRL,2024040105000980,4,33,20.00,599.00,"11,980.00",2024-04-01
558,HRL,2024040105000981,69,43,10.00,598.20,"5,982.00",2024-04-01
559,HRL,2024040105000983,69,58,10.00,598.20,"5,982.00",2024-04-01
560,HRL,2024040105000984,69,58,10.00,598.20,"5,982.00",2024-04-01
561,HRL,2024040105000998,69,58,10.00,598.20,"5,982.00",2024-04-01
562,HRL,2024040105001001,69,44,10.00,598.20,"5,982.00",2024-04-01
563,HRL,2024040105001002,69,4,10.00,598.20,"5,982.00",2024-04-01
564,HRL,2024040105001004,42,34,10.00,598.20,"5,982.00",2024-04-01
565,HRL,2024040105001006,66,14,20.00,598.10,"11,962.00",2024-04-01
566,HRL,2024040105001007,66,35,20.00,598.10,"11,962.00",2024-04-01
567,HRL,2024040105001015,17,34,20.00,598.20,"11,964.00",2024-04-01
568,HRL,2024040105001017,66,57,100.00,598.10,"59,810.00",2024-04-01
569,HRL,2024040105001021,66,39,20.00,598.10,"11,962.00",2024-04-01
570,HRL,2024040105001023,66,51,10.00,598.10,"5,981.00",2024-04-01
571,HRL,2024040105001028,66,32,10.00,598.10,"5,981.00",2024-04-01
572,HRL,2024040105001031,66,49,10.00,598.10,"5,981.00",2024-04-01
573,HRL,2024040105001032,66,28,10.00,598.10,"5,981.00",2024-04-01
574,HRL,2024040105001033,66,17,30.00,598.10,"17,943.00",2024-04-01
575,HRL,2024040105001034,66,77,10.00,598.10,"5,981.00",2024-04-01
576,HRL,2024040105001039,59,57,50.00,598.90,"29,945.00",2024-04-01
577,HRL,2024040105001040,59,33,80.00,599.00,"47,920.00",2024-04-01
578,HRL,2024040105001041,59,45,70.00,599.00,"41,930.00",2024-04-01
579,HRL,2024040105001051,57,49,10.00,598.20,"5,982.00",2024-04-01
580,HRL,2024040105001053,57,52,10.00,598.20,"5,982.00",2024-04-01
581,HRL,2024040105001055,57,44,30.00,598.20,"17,946.00",2024-04-01
582,HRL,2024040105001056,57,49,10.00,598.20,"5,982.00",2024-04-01
583,HRL,2024040105001068,38,57,10.00,598.50,"5,985.00",2024-04-01
584,HRL,2024040105001069,52,45,30.00,599.00,"17,970.00",2024-04-01
585,HRL,2024040105001070,52,49,10.00,599.00,"5,990.00",2024-04-01
586,HRL,2024040105001071,52,44,100.00,599.00,"59,900.00",2024-04-01
587,HRL,2024040105001072,52,51,20.00,599.00,"11,980.00",2024-04-01
588,HRL,2024040105001073,52,35,140.00,599.00,"83,860.00",2024-04-01
589,HRL,2024040105001074,57,33,10.00,598.40,"5,984.00",2024-04-01
590,HRL,2024040105001078,57,57,10.00,598.40,"5,984.00",2024-04-01
591,HRL,2024040105001079,57,32,10.00,598.40,"5,984.00",2024-04-01
592,HRL,2024040105001081,57,17,10.00,598.40,"5,984.00",2024-04-01
593,HRL,2024040105001082,65,17,10.00,598.30,"5,983.00",2024-04-01
594,HRL,2024040105001084,65,13,10.00,598.30,"5,983.00",2024-04-01
595,HRL,2024040105001092,65,45,40.00,598.30,"23,932.00",2024-04-01
596,HRL,2024040105001093,65,59,20.00,598.30,"11,966.00",2024-04-01
597,HRL,2024040105001095,58,35,10.00,599.00,"5,990.00",2024-04-01
598,HRL,2024040105001096,58,58,10.00,599.00,"5,990.00",2024-04-01
599,HRL,2024040105001100,10,14,20.00,598.40,"11,968.00",2024-04-01
600,HRL,2024040105001101,65,58,20.00,598.30,"11,966.00",2024-04-01
601,HRL,2024040105001112,51,17,10.00,599.00,"5,990.00",2024-04-01
602,HRL,2024040105001113,51,34,30.00,599.00,"17,970.00",2024-04-01
603,HRL,2024040105001118,38,58,10.00,599.00,"5,990.00",2024-04-01
604,HRL,2024040105001119,38,4,20.00,599.00,"11,980.00",2024-04-01
605,HRL,2024040105001122,38,56,10.00,599.00,"5,990.00",2024-04-01
606,HRL,2024040105001123,45,42,10.00,599.00,"5,990.00",2024-04-01
607,HRL,2024040105001126,45,41,10.00,599.00,"5,990.00",2024-04-01
608,HRL,2024040105001128,45,7,10.00,599.00,"5,990.00",2024-04-01
609,HRL,2024040105001129,45,76,20.00,599.00,"11,980.00",2024-04-01
610,HRL,2024040105001132,45,21,10.00,599.00,"5,990.00",2024-04-01
611,HRL,2024040105001133,45,17,30.00,599.00,"17,970.00",2024-04-01
612,HRL,2024040105001134,45,38,10.00,599.00,"5,990.00",2024-04-01
613,HRL,2024040105001135,37,44,20.00,599.50,"11,990.00",2024-04-01
614,HRL,2024040105001136,37,58,30.00,599.90,"17,997.00",2024-04-01
615,HRL,2024040105001137,37,84,20.00,599.90,"11,998.00",2024-04-01
616,HRL,2024040105001138,37,13,10.00,599.90,"5,999.00",2024-04-01
617,HRL,2024040105001139,37,40,23.00,600.00,"13,800.00",2024-04-01
618,HRL,2024040105001140,37,49,10.00,600.00,"6,000.00",2024-04-01
619,HRL,2024040105001141,37,54,20.00,600.00,"12,000.00",2024-04-01
620,HRL,2024040105001142,37,58,10.00,600.00,"6,000.00",2024-04-01
621,HRL,2024040105001143,37,57,10.00,600.00,"6,000.00",2024-04-01
622,HRL,2024040105001144,37,49,15.00,600.00,"9,000.00",2024-04-01
623,HRL,2024040105001145,37,49,10.00,600.00,"6,000.00",2024-04-01
624,HRL,2024040105001146,37,45,22.00,600.00,"13,200.00",2024-04-01
625,HRL,2024040105001148,52,45,948.00,600.00,"568,800.00",2024-04-01
626,HRL,2024040105001149,52,58,20.00,600.00,"12,000.00",2024-04-01
627,HRL,2024040105001150,52,57,10.00,600.00,"6,000.00",2024-04-01
628,HRL,2024040105001151,52,52,22.00,600.00,"13,200.00",2024-04-01
629,HRL,2024040105001154,42,57,10.00,598.40,"5,984.00",2024-04-01
630,HRL,2024040105001161,42,36,20.00,598.40,"11,968.00",2024-04-01
631,HRL,2024040105001162,42,45,10.00,598.40,"5,984.00",2024-04-01
632,HRL,2024040105001163,42,14,20.00,598.40,"11,968.00",2024-04-01
633,HRL,2024040105001164,42,38,10.00,598.40,"5,984.00",2024-04-01
634,HRL,2024040105001165,42,21,10.00,598.40,"5,984.00",2024-04-01
635,HRL,2024040105001168,42,58,10.00,598.40,"5,984.00",2024-04-01
636,HRL,2024040105001169,42,45,30.00,598.40,"17,952.00",2024-04-01
637,HRL,2024040105001171,42,33,10.00,598.40,"5,984.00",2024-04-01
638,HRL,2024040105001173,37,58,10.00,599.40,"5,994.00",2024-04-01
639,HRL,2024040105001176,42,49,10.00,598.40,"5,984.00",2024-04-01
640,HRL,2024040105001178,37,52,30.00,600.00,"18,000.00",2024-04-01
641,HRL,2024040105001179,42,21,10.00,598.40,"5,984.00",2024-04-01
642,HRL,2024040105001181,65,28,10.00,598.30,"5,983.00",2024-04-01
643,HRL,2024040105001182,41,52,148.00,600.00,"88,800.00",2024-04-01
644,HRL,2024040105001183,41,49,10.00,600.00,"6,000.00",2024-04-01
645,HRL,2024040105001184,41,41,10.00,600.00,"6,000.00",2024-04-01
646,HRL,2024040105001185,41,58,10.00,600.00,"6,000.00",2024-04-01
647,HRL,2024040105001186,41,38,10.00,600.00,"6,000.00",2024-04-01
648,HRL,2024040105001187,41,57,10.00,600.00,"6,000.00",2024-04-01
649,HRL,2024040105001188,41,34,10.00,600.00,"6,000.00",2024-04-01
650,HRL,2024040105001189,41,45,30.00,600.00,"18,000.00",2024-04-01
651,HRL,2024040105001190,41,54,20.00,600.00,"12,000.00",2024-04-01
652,HRL,2024040105001191,41,5,10.00,600.00,"6,000.00",2024-04-01
653,HRL,2024040105001192,41,95,20.00,600.00,"12,000.00",2024-04-01
654,HRL,2024040105001193,41,18,20.00,600.00,"12,000.00",2024-04-01
655,HRL,2024040105001194,41,55,10.00,600.00,"6,000.00",2024-04-01
656,HRL,2024040105001195,41,48,10.00,600.00,"6,000.00",2024-04-01
657,HRL,2024040105001196,41,52,10.00,600.00,"6,000.00",2024-04-01
658,HRL,2024040105001197,41,37,10.00,600.00,"6,000.00",2024-04-01
659,HRL,2024040105001198,41,52,10.00,600.00,"6,000.00",2024-04-01
660,HRL,2024040105001199,41,33,40.00,600.00,"24,000.00",2024-04-01
661,HRL,2024040105001200,41,55,10.00,600.00,"6,000.00",2024-04-01
662,HRL,2024040105001201,41,57,30.00,600.00,"18,000.00",2024-04-01
663,HRL,2024040105001202,41,48,20.00,600.00,"12,000.00",2024-04-01
664,HRL,2024040105001203,41,52,30.00,600.00,"18,000.00",2024-04-01
665,HRL,2024040105001204,41,51,10.00,600.00,"6,000.00",2024-04-01
666,HRL,2024040105001210,52,7,10.00,600.00,"6,000.00",2024-04-01
667,HRL,2024040105001211,52,55,10.00,600.00,"6,000.00",2024-04-01
668,HRL,2024040105001212,52,58,10.00,600.00,"6,000.00",2024-04-01
669,HRL,2024040105001213,52,58,10.00,600.00,"6,000.00",2024-04-01
670,HRL,2024040105001214,52,49,10.00,600.00,"6,000.00",2024-04-01
671,HRL,2024040105001215,52,58,20.00,600.00,"12,000.00",2024-04-01
672,HRL,2024040105001216,52,44,20.00,600.00,"12,000.00",2024-04-01
673,HRL,2024040105001217,52,35,10.00,600.00,"6,000.00",2024-04-01
674,HRL,2024040105001218,52,44,20.00,600.00,"12,000.00",2024-04-01
675,HRL,2024040105001219,52,58,50.00,600.00,"30,000.00",2024-04-01
676,HRL,2024040105001220,52,34,10.00,600.00,"6,000.00",2024-04-01
677,HRL,2024040105001221,52,55,10.00,600.00,"6,000.00",2024-04-01
678,HRL,2024040105001222,52,58,10.00,600.00,"6,000.00",2024-04-01
679,HRL,2024040105001223,52,16,10.00,600.00,"6,000.00",2024-04-01
680,HRL,2024040105001224,52,49,10.00,600.00,"6,000.00",2024-04-01
681,HRL,2024040105001225,52,58,20.00,600.00,"12,000.00",2024-04-01
682,HRL,2024040105001226,52,58,144.00,600.00,"86,400.00",2024-04-01
683,HRL,2024040105001227,52,58,10.00,600.00,"6,000.00",2024-04-01
684,HRL,2024040105001228,52,42,10.00,600.00,"6,000.00",2024-04-01
685,HRL,2024040105001229,52,34,10.00,600.00,"6,000.00",2024-04-01
686,HRL,2024040105001230,52,49,10.00,600.00,"6,000.00",2024-04-01
687,HRL,2024040105001233,52,49,10.00,600.00,"6,000.00",2024-04-01
688,HRL,2024040105001237,69,38,20.00,600.10,"12,002.00",2024-04-01
689,HRL,2024040105001238,69,44,20.00,600.20,"12,004.00",2024-04-01
690,HRL,2024040105001239,69,58,10.00,600.20,"6,002.00",2024-04-01
691,HRL,2024040105001240,69,56,50.00,600.50,"30,025.00",2024-04-01
692,HRL,2024040105001241,52,21,10.00,600.00,"6,000.00",2024-04-01
693,HRL,2024040105001243,52,56,200.00,600.50,"120,100.00",2024-04-01
694,HRL,2024040105001245,52,44,56.00,600.00,"33,600.00",2024-04-01
695,HRL,2024040105001246,69,44,100.00,600.00,"60,000.00",2024-04-01
696,HRL,2024040105001247,65,35,10.00,598.30,"5,983.00",2024-04-01
697,HRL,2024040105001249,65,39,10.00,598.30,"5,983.00",2024-04-01
698,HRL,2024040105001252,65,58,10.00,598.30,"5,983.00",2024-04-01
699,HRL,2024040105001254,66,16,10.00,599.00,"5,990.00",2024-04-01
700,HRL,2024040105001255,66,40,30.00,599.00,"17,970.00",2024-04-01
701,HRL,2024040105001260,66,39,10.00,599.00,"5,990.00",2024-04-01
702,HRL,2024040105001261,66,58,10.00,599.00,"5,990.00",2024-04-01
703,HRL,2024040105001264,66,16,10.00,599.00,"5,990.00",2024-04-01
704,HRL,2024040105001265,66,38,15.00,599.00,"8,985.00",2024-04-01
705,HRL,2024040105001266,35,38,5.00,599.00,"2,995.00",2024-04-01
706,HRL,2024040105001267,65,44,20.00,598.30,"11,966.00",2024-04-01
707,HRL,2024040105001274,66,58,10.00,598.50,"5,985.00",2024-04-01
708,HRL,2024040105001275,66,44,20.00,598.50,"11,970.00",2024-04-01
709,HRL,2024040105001276,66,38,50.00,598.50,"29,925.00",2024-04-01
710,HRL,2024040105001278,66,41,10.00,598.50,"5,985.00",2024-04-01
711,HRL,2024040105001279,66,58,10.00,598.50,"5,985.00",2024-04-01
712,HRL,2024040105001280,66,58,10.00,598.50,"5,985.00",2024-04-01
713,HRL,2024040105001282,66,14,20.00,598.50,"11,970.00",2024-04-01
714,HRL,2024040105001283,66,48,30.00,598.50,"17,955.00",2024-04-01
715,HRL,2024040105001289,66,57,10.00,598.50,"5,985.00",2024-04-01
716,HRL,2024040105001291,66,22,20.00,598.50,"11,970.00",2024-04-01
717,HRL,2024040105001292,66,17,10.00,598.50,"5,985.00",2024-04-01
718,HRL,2024040105001293,66,89,10.00,598.50,"5,985.00",2024-04-01
719,HRL,2024040105001297,66,22,20.00,598.50,"11,970.00",2024-04-01
720,HRL,2024040105001299,66,17,20.00,598.50,"11,970.00",2024-04-01
721,HRL,2024040105001300,66,17,10.00,598.50,"5,985.00",2024-04-01
722,HRL,2024040105001301,66,58,10.00,598.50,"5,985.00",2024-04-01
723,HRL,2024040105001303,66,89,10.00,598.50,"5,985.00",2024-04-01
724,HRL,2024040105001304,69,58,10.00,599.00,"5,990.00",2024-04-01
725,HRL,2024040105001305,69,58,20.00,599.00,"11,980.00",2024-04-01
726,HRL,2024040105001306,69,58,30.00,599.00,"17,970.00",2024-04-01
727,HRL,2024040105001307,69,49,10.00,599.00,"5,990.00",2024-04-01
728,HRL,2024040105001308,69,93,10.00,599.00,"5,990.00",2024-04-01
729,HRL,2024040105001309,69,57,10.00,599.00,"5,990.00",2024-04-01
730,HRL,2024040105001310,69,49,10.00,599.00,"5,990.00",2024-04-01
731,HRL,2024040105001311,66,34,10.00,598.50,"5,985.00",2024-04-01
732,HRL,2024040105001316,35,22,20.00,598.60,"11,972.00",2024-04-01
733,HRL,2024040105001322,35,58,30.00,598.60,"17,958.00",2024-04-01
734,HRL,2024040105001323,35,17,10.00,598.60,"5,986.00",2024-04-01
735,HRL,2024040105001324,35,6,40.00,598.60,"23,944.00",2024-04-01
736,HRL,2024040105001327,66,38,20.00,598.50,"11,970.00",2024-04-01
737,HRL,2024040105001330,66,42,20.00,598.50,"11,970.00",2024-04-01
738,HRL,2024040105001340,66,89,10.00,598.50,"5,985.00",2024-04-01
739,HRL,2024040105001341,66,19,10.00,598.50,"5,985.00",2024-04-01
740,HRL,2024040105001342,38,58,10.00,598.50,"5,985.00",2024-04-01
741,HRL,2024040105001344,38,21,30.00,598.50,"17,955.00",2024-04-01
742,HRL,2024040105001346,38,19,10.00,598.50,"5,985.00",2024-04-01
743,HRL,2024040105001351,38,89,10.00,598.50,"5,985.00",2024-04-01
744,HRL,2024040105001353,38,44,20.00,598.50,"11,970.00",2024-04-01
745,HRL,2024040105001355,38,38,20.00,598.50,"11,970.00",2024-04-01
746,HRL,2024040105001356,38,38,10.00,598.50,"5,985.00",2024-04-01
747,HRL,2024040105001357,38,57,30.00,598.50,"17,955.00",2024-04-01
748,HRL,2024040105001358,18,6,60.00,598.60,"35,916.00",2024-04-01
749,HRL,2024040105001361,38,59,20.00,598.50,"11,970.00",2024-04-01
750,HRL,2024040105001375,38,38,10.00,598.50,"5,985.00",2024-04-01
751,HRL,2024040105001380,38,38,10.00,598.50,"5,985.00",2024-04-01
752,HRL,2024040105001383,38,49,10.00,599.00,"5,990.00",2024-04-01
753,HRL,2024040105001384,38,49,10.00,599.00,"5,990.00",2024-04-01
754,HRL,2024040105001385,38,58,10.00,599.00,"5,990.00",2024-04-01
755,HRL,2024040105001386,38,57,20.00,599.00,"11,980.00",2024-04-01
756,HRL,2024040105001390,47,14,10.00,598.60,"5,986.00",2024-04-01
757,HRL,2024040105001397,38,58,30.00,598.50,"17,955.00",2024-04-01
758,HRL,2024040105001398,46,57,20.00,599.00,"11,980.00",2024-04-01
759,HRL,2024040105001401,10,57,20.00,598.60,"11,972.00",2024-04-01
760,HRL,2024040105001402,38,57,10.00,598.50,"5,985.00",2024-04-01
761,HRL,2024040105001403,38,55,10.00,598.50,"5,985.00",2024-04-01
762,HRL,2024040105001404,41,51,10.00,599.00,"5,990.00",2024-04-01
763,HRL,2024040105001405,41,43,20.00,599.00,"11,980.00",2024-04-01
764,HRL,2024040105001407,38,58,10.00,598.50,"5,985.00",2024-04-01
765,HRL,2024040105001408,38,55,10.00,598.50,"5,985.00",2024-04-01
766,HRL,2024040105001409,38,49,10.00,598.50,"5,985.00",2024-04-01
767,HRL,2024040105001411,38,89,10.00,598.50,"5,985.00",2024-04-01
768,HRL,2024040105001413,38,21,10.00,598.50,"5,985.00",2024-04-01
769,HRL,2024040105001414,38,65,20.00,598.50,"11,970.00",2024-04-01
770,HRL,2024040105001415,39,43,10.00,599.00,"5,990.00",2024-04-01
771,HRL,2024040105001416,39,58,10.00,599.00,"5,990.00",2024-04-01
772,HRL,2024040105001417,39,49,10.00,599.00,"5,990.00",2024-04-01
773,HRL,2024040105001420,39,55,10.00,599.00,"5,990.00",2024-04-01
774,HRL,2024040105001421,39,42,30.00,599.00,"17,970.00",2024-04-01
775,HRL,2024040105001422,38,56,10.00,598.50,"5,985.00",2024-04-01
776,HRL,2024040105001424,26,41,100.00,599.90,"59,990.00",2024-04-01
777,HRL,2024040105001425,34,41,100.00,599.90,"59,990.00",2024-04-01
778,HRL,2024040105001426,38,57,30.00,598.50,"17,955.00",2024-04-01
779,HRL,2024040105001427,38,57,10.00,598.50,"5,985.00",2024-04-01
780,HRL,2024040105001435,38,89,10.00,598.50,"5,985.00",2024-04-01
781,HRL,2024040105001436,58,32,10.00,598.40,"5,984.00",2024-04-01
782,HRL,2024040105001437,69,55,10.00,598.50,"5,985.00",2024-04-01
783,HRL,2024040105001443,69,58,10.00,598.50,"5,985.00",2024-04-01
784,HRL,2024040105001444,69,28,10.00,598.50,"5,985.00",2024-04-01
785,HRL,2024040105001445,69,6,30.00,598.50,"17,955.00",2024-04-01
786,HRL,2024040105001446,69,14,10.00,598.50,"5,985.00",2024-04-01
787,HRL,2024040105001449,69,4,20.00,598.50,"11,970.00",2024-04-01
788,HRL,2024040105001451,69,19,20.00,598.50,"11,970.00",2024-04-01
789,HRL,2024040105001453,69,89,10.00,598.50,"5,985.00",2024-04-01
790,HRL,2024040105001456,69,41,20.00,598.50,"11,970.00",2024-04-01
791,HRL,2024040105001458,69,32,10.00,598.50,"5,985.00",2024-04-01
792,HRL,2024040105001471,69,25,20.00,598.50,"11,970.00",2024-04-01
793,HRL,2024040105001472,69,32,20.00,598.50,"11,970.00",2024-04-01
794,HRL,2024040105001473,69,4,10.00,598.50,"5,985.00",2024-04-01
795,HRL,2024040105001474,10,48,10.00,598.80,"5,988.00",2024-04-01
796,HRL,2024040105001478,52,34,20.00,598.50,"11,970.00",2024-04-01
797,HRL,2024040105001479,52,25,20.00,598.50,"11,970.00",2024-04-01
798,HRL,2024040105001488,45,32,10.00,598.70,"5,987.00",2024-04-01
799,HRL,2024040105001504,45,22,30.00,598.70,"17,961.00",2024-04-01
800,HRL,2024040105001505,45,32,10.00,598.70,"5,987.00",2024-04-01
801,HRL,2024040105001509,45,56,20.00,598.70,"11,974.00",2024-04-01
802,HRL,2024040105001514,45,21,14.00,598.70,"8,381.80",2024-04-01
803,HRL,2024040105001515,6,34,10.00,598.70,"5,987.00",2024-04-01
804,HRL,2024040105001516,17,58,10.00,598.60,"5,986.00",2024-04-01
805,HRL,2024040105001517,17,35,10.00,598.60,"5,986.00",2024-04-01
806,HRL,2024040105001518,17,28,10.00,598.60,"5,986.00",2024-04-01
807,HRL,2024040105001519,5,42,10.00,599.00,"5,990.00",2024-04-01
808,HRL,2024040105001520,17,38,20.00,598.60,"11,972.00",2024-04-01
809,HRL,2024040105001529,17,58,10.00,598.60,"5,986.00",2024-04-01
810,HRL,2024040105001531,17,35,20.00,598.60,"11,972.00",2024-04-01
811,HRL,2024040105001532,17,44,10.00,598.60,"5,986.00",2024-04-01
812,HRL,2024040105001533,17,58,20.00,598.60,"11,972.00",2024-04-01
813,HRL,2024040105001537,17,38,10.00,598.60,"5,986.00",2024-04-01
814,HRL,2024040105001538,22,32,10.00,599.00,"5,990.00",2024-04-01
815,HRL,2024040105001539,22,6,10.00,599.00,"5,990.00",2024-04-01
816,HRL,2024040105001540,22,42,80.00,599.00,"47,920.00",2024-04-01
817,HRL,2024040105001546,17,42,10.00,598.60,"5,986.00",2024-04-01
818,HRL,2024040105001548,17,39,10.00,598.60,"5,986.00",2024-04-01
819,HRL,2024040105001550,17,58,10.00,598.60,"5,986.00",2024-04-01
820,HRL,2024040105001551,17,22,10.00,598.60,"5,986.00",2024-04-01
821,HRL,2024040105001561,17,40,10.00,598.60,"5,986.00",2024-04-01
822,HRL,2024040105001568,17,48,10.00,598.60,"5,986.00",2024-04-01
823,HRL,2024040105001570,17,48,10.00,598.60,"5,986.00",2024-04-01
824,HRL,2024040105001571,17,49,10.00,598.60,"5,986.00",2024-04-01
825,HRL,2024040105001572,17,58,20.00,598.60,"11,972.00",2024-04-01
826,HRL,2024040105001573,17,52,10.00,598.60,"5,986.00",2024-04-01
827,HRL,2024040105001575,17,45,20.00,598.60,"11,972.00",2024-04-01
828,HRL,2024040105001577,52,35,10.00,598.50,"5,985.00",2024-04-01
829,HRL,2024040105001580,52,36,30.00,598.50,"17,955.00",2024-04-01
830,HRL,2024040105001582,52,49,10.00,598.50,"5,985.00",2024-04-01
831,HRL,2024040105001585,52,35,10.00,598.50,"5,985.00",2024-04-01
832,HRL,2024040105001587,52,58,20.00,598.50,"11,970.00",2024-04-01
833,HRL,2024040105001588,39,32,30.00,598.60,"17,958.00",2024-04-01
834,HRL,2024040105001589,39,34,12.00,598.60,"7,183.20",2024-04-01
835,HRL,2024040105001590,1,34,18.00,598.60,"10,774.80",2024-04-01
836,HRL,2024040105001591,1,57,10.00,598.60,"5,986.00",2024-04-01
837,HRL,2024040105001592,1,45,10.00,598.60,"5,986.00",2024-04-01
838,HRL,2024040105001596,1,4,12.00,598.60,"7,183.20",2024-04-01
839,HRL,2024040105001599,6,11,10.00,598.60,"5,986.00",2024-04-01
840,HRL,2024040105001604,6,58,10.00,598.60,"5,986.00",2024-04-01
841,HRL,2024040105001609,39,22,10.00,598.70,"5,987.00",2024-04-01
842,HRL,2024040105001610,39,44,10.00,598.70,"5,987.00",2024-04-01
843,HRL,2024040105001612,6,42,20.00,599.00,"11,980.00",2024-04-01
844,HRL,2024040105001613,6,41,10.00,599.00,"5,990.00",2024-04-01
845,HRL,2024040105001614,6,34,10.00,599.00,"5,990.00",2024-04-01
846,HRL,2024040105001616,52,17,30.00,598.60,"17,958.00",2024-04-01
847,HRL,2024040105001618,52,58,10.00,598.60,"5,986.00",2024-04-01
848,HRL,2024040105001619,52,57,10.00,598.60,"5,986.00",2024-04-01
849,HRL,2024040105001623,52,14,10.00,598.60,"5,986.00",2024-04-01
850,HRL,2024040105001629,25,45,20.00,599.00,"11,980.00",2024-04-01
851,HRL,2024040105001630,25,58,20.00,599.00,"11,980.00",2024-04-01
852,HRL,2024040105001631,25,14,10.00,599.00,"5,990.00",2024-04-01
853,HRL,2024040105001632,44,35,20.00,599.00,"11,980.00",2024-04-01
854,HRL,2024040105001634,28,35,10.00,599.00,"5,990.00",2024-04-01
855,HRL,2024040105001635,28,8,10.00,599.00,"5,990.00",2024-04-01
856,HRL,2024040105001636,28,58,20.00,599.00,"11,980.00",2024-04-01
857,HRL,2024040105001638,28,49,20.00,599.00,"11,980.00",2024-04-01
858,HRL,2024040105001639,28,57,10.00,599.00,"5,990.00",2024-04-01
859,HRL,2024040105001640,28,58,10.00,599.00,"5,990.00",2024-04-01
860,HRL,2024040105001641,28,58,10.00,599.00,"5,990.00",2024-04-01
861,HRL,2024040105001642,28,57,10.00,599.00,"5,990.00",2024-04-01
862,HRL,2024040105001643,17,36,10.00,598.70,"5,987.00",2024-04-01
863,HRL,2024040105001644,52,36,20.00,598.60,"11,972.00",2024-04-01
864,HRL,2024040105001645,52,14,10.00,598.60,"5,986.00",2024-04-01
865,HRL,2024040105001646,52,38,10.00,598.60,"5,986.00",2024-04-01
866,HRL,2024040105001649,52,33,10.00,598.60,"5,986.00",2024-04-01
867,HRL,2024040105001655,52,58,10.00,598.60,"5,986.00",2024-04-01
868,HRL,2024040105001656,50,38,10.00,598.70,"5,987.00",2024-04-01
869,HRL,2024040105001657,19,51,10.00,599.00,"5,990.00",2024-04-01
870,HRL,2024040105001658,19,45,10.00,599.00,"5,990.00",2024-04-01
871,HRL,2024040105001659,19,57,10.00,599.00,"5,990.00",2024-04-01
872,HRL,2024040105001661,50,75,10.00,598.70,"5,987.00",2024-04-01
873,HRL,2024040105001663,52,16,10.00,598.60,"5,986.00",2024-04-01
874,HRL,2024040105001669,52,8,10.00,598.60,"5,986.00",2024-04-01
875,HRL,2024040105001670,52,49,20.00,598.60,"11,972.00",2024-04-01
876,HRL,2024040105001671,52,14,10.00,598.60,"5,986.00",2024-04-01
877,HRL,2024040105001672,52,54,10.00,598.60,"5,986.00",2024-04-01
878,HRL,2024040105001674,52,14,10.00,598.60,"5,986.00",2024-04-01
879,HRL,2024040105001676,46,75,10.00,598.70,"5,987.00",2024-04-01
880,HRL,2024040105001677,46,57,10.00,598.70,"5,987.00",2024-04-01
881,HRL,2024040105001679,46,22,10.00,598.70,"5,987.00",2024-04-01
882,HRL,2024040105001680,46,53,10.00,598.70,"5,987.00",2024-04-01
883,HRL,2024040105001681,46,58,10.00,598.70,"5,987.00",2024-04-01
884,HRL,2024040105001685,46,57,10.00,598.70,"5,987.00",2024-04-01
885,HRL,2024040105001690,46,8,10.00,598.70,"5,987.00",2024-04-01
886,HRL,2024040105001692,46,17,10.00,598.70,"5,987.00",2024-04-01
887,HRL,2024040105001693,46,28,10.00,598.70,"5,987.00",2024-04-01
888,HRL,2024040105001694,46,26,10.00,598.70,"5,987.00",2024-04-01
889,HRL,2024040105001703,52,11,10.00,598.60,"5,986.00",2024-04-01
890,HRL,2024040105001704,66,11,10.00,598.60,"5,986.00",2024-04-01
891,HRL,2024040105001706,66,59,10.00,598.60,"5,986.00",2024-04-01
892,HRL,2024040105001708,25,44,10.00,598.60,"5,986.00",2024-04-01
893,HRL,2024040105001710,25,35,10.00,598.60,"5,986.00",2024-04-01
894,HRL,2024040105001711,25,52,10.00,598.60,"5,986.00",2024-04-01
895,HRL,2024040105001715,25,3,10.00,598.60,"5,986.00",2024-04-01
896,HRL,2024040105001716,25,17,10.00,598.60,"5,986.00",2024-04-01
897,HRL,2024040105001719,52,58,20.00,598.60,"11,972.00",2024-04-01
898,HRL,2024040105001720,52,11,20.00,598.60,"11,972.00",2024-04-01
899,HRL,2024040105001726,52,57,10.00,598.60,"5,986.00",2024-04-01
900,HRL,2024040105001727,52,58,10.00,598.60,"5,986.00",2024-04-01
901,HRL,2024040105001729,52,58,10.00,598.60,"5,986.00",2024-04-01
902,HRL,2024040105001730,52,42,30.00,598.60,"17,958.00",2024-04-01
903,HRL,2024040105001732,3,48,10.00,598.60,"5,986.00",2024-04-01
904,HRL,2024040105001735,22,22,10.00,598.70,"5,987.00",2024-04-01
905,HRL,2024040105001738,3,19,20.00,598.60,"11,972.00",2024-04-01
906,HRL,2024040105001740,3,48,10.00,598.60,"5,986.00",2024-04-01
907,HRL,2024040105001741,3,59,20.00,598.60,"11,972.00",2024-04-01
908,HRL,2024040105001744,7,16,10.00,598.70,"5,987.00",2024-04-01
909,HRL,2024040105001745,7,70,20.00,598.70,"11,974.00",2024-04-01
910,HRL,2024040105001746,7,1,10.00,598.70,"5,987.00",2024-04-01
911,HRL,2024040105001747,7,48,10.00,598.70,"5,987.00",2024-04-01
912,HRL,2024040105001748,7,35,10.00,598.70,"5,987.00",2024-04-01
913,HRL,2024040105001751,7,14,10.00,598.70,"5,987.00",2024-04-01
914,HRL,2024040105001755,32,58,10.00,598.80,"5,988.00",2024-04-01
915,HRL,2024040105001757,32,53,"1,490.00",598.80,"892,212.00",2024-04-01
916,HRL,2024040105001758,7,53,10.00,598.70,"5,987.00",2024-04-01
917,HRL,2024040105001759,7,48,10.00,598.70,"5,987.00",2024-04-01
918,HRL,2024040105001760,7,38,10.00,598.70,"5,987.00",2024-04-01
919,HRL,2024040105001761,3,21,10.00,598.60,"5,986.00",2024-04-01
920,HRL,2024040105001763,3,49,10.00,598.60,"5,986.00",2024-04-01
921,HRL,2024040105001764,3,39,10.00,598.60,"5,986.00",2024-04-01
922,HRL,2024040105001766,3,14,10.00,598.60,"5,986.00",2024-04-01
923,HRL,2024040105001768,58,58,10.00,598.70,"5,987.00",2024-04-01
924,HRL,2024040105001769,3,58,100.00,598.60,"59,860.00",2024-04-01
925,HRL,2024040105001770,43,58,100.00,598.60,"59,860.00",2024-04-01
926,HRL,2024040105001771,52,58,100.00,598.60,"59,860.00",2024-04-01
927,HRL,2024040105001772,59,58,100.00,598.60,"59,860.00",2024-04-01
928,HRL,2024040105001775,52,58,10.00,598.50,"5,985.00",2024-04-01
929,HRL,2024040105001776,52,38,10.00,598.50,"5,985.00",2024-04-01
930,HRL,2024040105001777,52,58,60.00,598.50,"35,910.00",2024-04-01
931,HRL,2024040105001778,43,58,130.00,598.50,"77,805.00",2024-04-01
932,HRL,2024040105001780,43,34,20.00,598.50,"11,970.00",2024-04-01
933,HRL,2024040105001782,43,38,10.00,598.50,"5,985.00",2024-04-01
934,HRL,2024040105001783,43,14,10.00,598.50,"5,985.00",2024-04-01
935,HRL,2024040105001784,43,38,10.00,598.50,"5,985.00",2024-04-01
936,HRL,2024040105001785,43,4,20.00,598.50,"11,970.00",2024-04-01
937,HRL,2024040105001786,43,49,10.00,598.50,"5,985.00",2024-04-01
938,HRL,2024040105001788,43,38,10.00,598.50,"5,985.00",2024-04-01
939,HRL,2024040105001789,43,55,10.00,598.50,"5,985.00",2024-04-01
940,HRL,2024040105001790,43,42,10.00,598.50,"5,985.00",2024-04-01
941,HRL,2024040105001791,43,38,10.00,598.50,"5,985.00",2024-04-01
942,HRL,2024040105001794,66,14,20.00,598.60,"11,972.00",2024-04-01
943,HRL,2024040105001803,66,38,10.00,598.60,"5,986.00",2024-04-01
944,HRL,2024040105001805,66,44,10.00,598.60,"5,986.00",2024-04-01
945,HRL,2024040105001806,66,38,10.00,598.60,"5,986.00",2024-04-01
946,HRL,2024040105001808,40,87,10.00,598.70,"5,987.00",2024-04-01
947,HRL,2024040105001809,66,34,20.00,598.60,"11,972.00",2024-04-01
948,HRL,2024040105001810,66,19,10.00,598.60,"5,986.00",2024-04-01
949,HRL,2024040105001811,66,38,20.00,598.60,"11,972.00",2024-04-01
950,HRL,2024040105001819,66,17,10.00,598.60,"5,986.00",2024-04-01
951,HRL,2024040105001820,66,38,10.00,598.60,"5,986.00",2024-04-01
952,HRL,2024040105001822,66,49,10.00,598.60,"5,986.00",2024-04-01
953,HRL,2024040105001823,66,38,10.00,598.60,"5,986.00",2024-04-01
954,HRL,2024040105001825,66,11,10.00,598.60,"5,986.00",2024-04-01
955,HRL,2024040105001828,66,38,10.00,598.60,"5,986.00",2024-04-01
956,HRL,2024040105001829,66,57,20.00,598.60,"11,972.00",2024-04-01
957,HRL,2024040105001830,66,44,10.00,598.60,"5,986.00",2024-04-01
958,HRL,2024040105001831,66,19,20.00,598.60,"11,972.00",2024-04-01
959,HRL,2024040105001833,65,25,10.00,599.00,"5,990.00",2024-04-01
960,HRL,2024040105001834,65,35,10.00,599.00,"5,990.00",2024-04-01
961,HRL,2024040105001835,65,49,10.00,599.00,"5,990.00",2024-04-01
962,HRL,2024040105001836,65,34,10.00,599.00,"5,990.00",2024-04-01
963,HRL,2024040105001837,65,48,30.00,599.00,"17,970.00",2024-04-01
964,HRL,2024040105001838,65,58,10.00,599.00,"5,990.00",2024-04-01
965,HRL,2024040105001839,65,77,20.00,599.00,"11,980.00",2024-04-01
966,HRL,2024040105001841,66,38,10.00,598.60,"5,986.00",2024-04-01
967,HRL,2024040105001842,65,22,10.00,598.70,"5,987.00",2024-04-01
968,HRL,2024040105001843,65,58,20.00,598.70,"11,974.00",2024-04-01
969,HRL,2024040105001844,78,8,20.00,598.80,"11,976.00",2024-04-01
970,HRL,2024040105001845,53,7,30.00,599.00,"17,970.00",2024-04-01
971,HRL,2024040105001849,53,34,10.00,599.00,"5,990.00",2024-04-01
972,HRL,2024040105001850,53,45,10.00,599.00,"5,990.00",2024-04-01
973,HRL,2024040105001852,53,51,50.00,599.00,"29,950.00",2024-04-01
974,HRL,2024040105001853,78,51,25.00,598.80,"14,970.00",2024-04-01
975,HRL,2024040105001854,78,58,10.00,598.80,"5,988.00",2024-04-01
976,HRL,2024040105001855,78,58,10.00,598.80,"5,988.00",2024-04-01
977,HRL,2024040105001856,78,38,10.00,598.80,"5,988.00",2024-04-01
978,HRL,2024040105001859,78,55,10.00,598.80,"5,988.00",2024-04-01
979,HRL,2024040105001862,78,38,10.00,598.80,"5,988.00",2024-04-01
980,HRL,2024040105001867,78,19,20.00,598.80,"11,976.00",2024-04-01
981,HRL,2024040105001870,78,38,10.00,598.80,"5,988.00",2024-04-01
982,HRL,2024040105001879,78,38,10.00,598.80,"5,988.00",2024-04-01
983,HRL,2024040105001880,78,6,10.00,598.80,"5,988.00",2024-04-01
984,HRL,2024040105001882,78,52,10.00,598.80,"5,988.00",2024-04-01
985,HRL,2024040105001884,78,57,15.00,598.80,"8,982.00",2024-04-01
986,HRL,2024040105001885,35,57,10.00,599.00,"5,990.00",2024-04-01
987,HRL,2024040105001886,35,43,20.00,599.00,"11,980.00",2024-04-01
988,HRL,2024040105001889,66,19,10.00,598.90,"5,989.00",2024-04-01
989,HRL,2024040105001891,37,49,20.00,599.00,"11,980.00",2024-04-01
990,HRL,2024040105001893,37,51,10.00,599.00,"5,990.00",2024-04-01
991,HRL,2024040105001896,37,21,30.00,599.00,"17,970.00",2024-04-01
992,HRL,2024040105001900,37,22,10.00,599.00,"5,990.00",2024-04-01
993,HRL,2024040105001901,37,6,15.00,599.00,"8,985.00",2024-04-01
994,HRL,2024040105001902,62,6,20.00,599.00,"11,980.00",2024-04-01
995,HRL,2024040105001903,90,6,50.00,599.00,"29,950.00",2024-04-01
996,HRL,2024040105001904,56,6,50.00,599.00,"29,950.00",2024-04-01
997,HRL,2024040105001905,43,6,15.00,599.00,"8,985.00",2024-04-01
998,HRL,2024040105001906,43,57,10.00,599.00,"5,990.00",2024-04-01
999,HRL,2024040105001907,43,25,100.00,599.50,"59,950.00",2024-04-01
1000,HRL,2024040105001908,43,19,20.00,599.50,"11,990.00",2024-04-01
1001,HRL,2024040105001909,43,14,20.00,599.50,"11,990.00",2024-04-01
1002,HRL,2024040105001910,43,41,40.00,599.90,"23,996.00",2024-04-01
1003,HRL,2024040105001911,43,58,10.00,599.90,"5,999.00",2024-04-01
1004,HRL,2024040105001912,43,34,10.00,599.90,"5,999.00",2024-04-01
1005,HRL,2024040105001913,43,34,120.00,600.00,"72,000.00",2024-04-01
1006,HRL,2024040105001914,43,13,10.00,600.00,"6,000.00",2024-04-01
1007,HRL,2024040105001915,43,1,145.00,600.00,"87,000.00",2024-04-01
1008,HRL,2024040105001918,59,1,50.00,600.00,"30,000.00",2024-04-01
1009,HRL,2024040105001925,38,22,20.00,599.00,"11,980.00",2024-04-01
1010,HRL,2024040105001927,66,68,10.00,598.90,"5,989.00",2024-04-01
1011,HRL,2024040105001931,66,41,20.00,598.90,"11,978.00",2024-04-01
1012,HRL,2024040105001935,66,35,10.00,598.90,"5,989.00",2024-04-01
1013,HRL,2024040105001937,66,38,10.00,598.90,"5,989.00",2024-04-01
1014,HRL,2024040105001938,66,25,20.00,598.90,"11,978.00",2024-04-01
1015,HRL,2024040105001939,11,25,10.00,599.90,"5,999.00",2024-04-01
1016,HRL,2024040105001940,66,25,20.00,598.90,"11,978.00",2024-04-01
1017,HRL,2024040105001941,66,22,20.00,598.90,"11,978.00",2024-04-01
1018,HRL,2024040105001943,66,35,10.00,598.90,"5,989.00",2024-04-01
1019,HRL,2024040105001944,59,1,50.00,600.00,"30,000.00",2024-04-01
1020,HRL,2024040105001946,51,58,20.00,598.90,"11,978.00",2024-04-01
1021,HRL,2024040105001948,51,58,20.00,598.90,"11,978.00",2024-04-01
1022,HRL,2024040105001949,90,36,10.00,598.90,"5,989.00",2024-04-01
1023,HRL,2024040105001950,90,58,20.00,598.90,"11,978.00",2024-04-01
1024,HRL,2024040105001953,90,7,20.00,598.90,"11,978.00",2024-04-01
1025,HRL,2024040105001957,50,58,10.00,598.90,"5,989.00",2024-04-01
1026,HRL,2024040105001958,50,75,20.00,598.90,"11,978.00",2024-04-01
1027,HRL,2024040105001967,38,58,10.00,599.00,"5,990.00",2024-04-01
1028,HRL,2024040105001968,38,7,20.00,599.00,"11,980.00",2024-04-01
1029,HRL,2024040105001972,38,41,10.00,599.00,"5,990.00",2024-04-01
1030,HRL,2024040105001975,38,58,10.00,599.00,"5,990.00",2024-04-01
1031,HRL,2024040105001976,38,21,10.00,599.00,"5,990.00",2024-04-01
1032,HRL,2024040105001977,38,22,30.00,599.00,"17,970.00",2024-04-01
1033,HRL,2024040105001979,38,21,45.00,599.00,"26,955.00",2024-04-01
1034,HRL,2024040105001981,38,54,10.00,599.00,"5,990.00",2024-04-01
1035,HRL,2024040105001983,38,34,20.00,599.00,"11,980.00",2024-04-01
1036,HRL,2024040105001984,38,42,20.00,599.00,"11,980.00",2024-04-01
1037,HRL,2024040105001985,38,58,10.00,599.00,"5,990.00",2024-04-01
1038,HRL,2024040105001987,48,56,20.00,599.00,"11,980.00",2024-04-01
1039,HRL,2024040105001990,22,34,10.00,599.50,"5,995.00",2024-04-01
1040,HRL,2024040105001993,48,11,30.00,599.00,"17,970.00",2024-04-01
1041,HRL,2024040105001994,43,11,100.00,599.00,"59,900.00",2024-04-01
1042,HRL,2024040105001995,22,11,20.00,599.00,"11,980.00",2024-04-01
1043,HRL,2024040105001996,22,22,20.00,599.00,"11,980.00",2024-04-01
1044,HRL,2024040105001997,22,34,20.00,599.00,"11,980.00",2024-04-01
1045,HRL,2024040105001998,22,42,40.00,599.00,"23,960.00",2024-04-01
1046,HRL,2024040105001999,52,42,10.00,599.00,"5,990.00",2024-04-01
1047,HRL,2024040105002011,11,35,10.00,599.50,"5,995.00",2024-04-01
1048,HRL,2024040105002014,11,58,10.00,599.50,"5,995.00",2024-04-01
1049,HRL,2024040105002015,11,22,20.00,599.50,"11,990.00",2024-04-01
1050,HRL,2024040105002016,47,22,10.00,599.50,"5,995.00",2024-04-01
1051,HRL,2024040105002022,52,58,20.00,599.00,"11,980.00",2024-04-01
1052,HRL,2024040105002024,47,38,10.00,599.50,"5,995.00",2024-04-01
1053,HRL,2024040105002027,39,58,10.00,599.10,"5,991.00",2024-04-01
1054,HRL,2024040105002029,39,4,10.00,599.10,"5,991.00",2024-04-01
1055,HRL,2024040105002030,39,38,10.00,599.10,"5,991.00",2024-04-01
1056,HRL,2024040105002034,7,14,10.00,599.90,"5,999.00",2024-04-01
1057,HRL,2024040105002035,47,62,20.00,599.20,"11,984.00",2024-04-01
1058,HRL,2024040105002038,39,22,20.00,599.10,"11,982.00",2024-04-01
1059,HRL,2024040105002039,39,58,10.00,599.10,"5,991.00",2024-04-01
1060,HRL,2024040105002040,11,38,10.00,599.20,"5,992.00",2024-04-01
1061,HRL,2024040105002045,39,57,10.00,599.10,"5,991.00",2024-04-01
1062,HRL,2024040105002046,13,36,10.00,599.10,"5,991.00",2024-04-01
1063,HRL,2024040105002048,13,29,30.00,599.10,"17,973.00",2024-04-01
1064,HRL,2024040105002050,13,39,10.00,599.10,"5,991.00",2024-04-01
1065,HRL,2024040105002058,13,59,20.00,599.10,"11,982.00",2024-04-01
1066,HRL,2024040105002060,13,41,10.00,599.10,"5,991.00",2024-04-01
1067,HRL,2024040105002061,13,58,30.00,599.10,"17,973.00",2024-04-01
1068,HRL,2024040105002062,13,49,10.00,599.10,"5,991.00",2024-04-01
1069,HRL,2024040105002064,13,22,30.00,599.10,"17,973.00",2024-04-01
1070,HRL,2024040105002065,13,34,20.00,599.10,"11,982.00",2024-04-01
1071,HRL,2024040105002070,13,11,20.00,599.10,"11,982.00",2024-04-01
1072,HRL,2024040105002071,13,57,10.00,599.10,"5,991.00",2024-04-01
1073,HRL,2024040105002072,52,57,10.00,599.00,"5,990.00",2024-04-01
1074,HRL,2024040105002077,29,22,10.00,599.10,"5,991.00",2024-04-01
1075,HRL,2024040105002078,5,7,10.00,599.50,"5,995.00",2024-04-01
1076,HRL,2024040105002081,11,43,10.00,599.50,"5,995.00",2024-04-01
1077,HRL,2024040105002083,7,38,10.00,599.50,"5,995.00",2024-04-01
1078,HRL,2024040105002084,7,14,20.00,599.90,"11,998.00",2024-04-01
1079,HRL,2024040105002085,29,21,20.00,599.10,"11,982.00",2024-04-01
1080,HRL,2024040105002092,29,14,10.00,599.10,"5,991.00",2024-04-01
1081,HRL,2024040105002093,29,35,10.00,599.10,"5,991.00",2024-04-01
1082,HRL,2024040105002094,29,35,20.00,599.10,"11,982.00",2024-04-01
1083,HRL,2024040105002095,29,48,10.00,599.10,"5,991.00",2024-04-01
1084,HRL,2024040105002099,29,45,10.00,599.10,"5,991.00",2024-04-01
1085,HRL,2024040105002100,29,21,10.00,599.10,"5,991.00",2024-04-01
1086,HRL,2024040105002104,35,35,10.00,599.10,"5,991.00",2024-04-01
1087,HRL,2024040105002105,35,6,10.00,599.10,"5,991.00",2024-04-01
1088,HRL,2024040105002106,35,34,20.00,599.10,"11,982.00",2024-04-01
1089,HRL,2024040105002107,11,58,10.00,599.60,"5,996.00",2024-04-01
1090,HRL,2024040105002109,35,25,10.00,599.10,"5,991.00",2024-04-01
1091,HRL,2024040105002111,35,44,10.00,599.10,"5,991.00",2024-04-01
1092,HRL,2024040105002112,58,1,65.00,600.00,"39,000.00",2024-04-01
1093,HRL,2024040105002113,58,47,10.00,600.00,"6,000.00",2024-04-01
1094,HRL,2024040105002114,58,6,20.00,600.00,"12,000.00",2024-04-01
1095,HRL,2024040105002115,58,45,10.00,600.00,"6,000.00",2024-04-01
1096,HRL,2024040105002116,58,49,20.00,600.00,"12,000.00",2024-04-01
1097,HRL,2024040105002117,58,48,30.00,600.00,"18,000.00",2024-04-01
1098,HRL,2024040105002118,58,25,40.00,600.00,"24,000.00",2024-04-01
1099,HRL,2024040105002119,58,51,10.00,600.00,"6,000.00",2024-04-01
1100,HRL,2024040105002120,58,38,10.00,600.00,"6,000.00",2024-04-01
1101,HRL,2024040105002121,58,58,20.00,600.00,"12,000.00",2024-04-01
1102,HRL,2024040105002122,58,6,20.00,600.00,"12,000.00",2024-04-01
1103,HRL,2024040105002123,58,6,10.00,600.00,"6,000.00",2024-04-01
1104,HRL,2024040105002124,58,52,30.00,600.00,"18,000.00",2024-04-01
1105,HRL,2024040105002125,58,45,20.00,600.00,"12,000.00",2024-04-01
1106,HRL,2024040105002128,52,44,30.00,600.00,"18,000.00",2024-04-01
1107,HRL,2024040105002129,52,58,10.00,600.00,"6,000.00",2024-04-01
1108,HRL,2024040105002130,52,21,20.00,600.00,"12,000.00",2024-04-01
1109,HRL,2024040105002131,52,42,10.00,600.00,"6,000.00",2024-04-01
1110,HRL,2024040105002132,52,43,10.00,600.00,"6,000.00",2024-04-01
1111,HRL,2024040105002133,52,35,170.00,600.00,"102,000.00",2024-04-01
1112,HRL,2024040105002134,52,55,10.00,600.00,"6,000.00",2024-04-01
1113,HRL,2024040105002135,52,35,10.00,600.00,"6,000.00",2024-04-01
1114,HRL,2024040105002136,52,21,20.00,600.00,"12,000.00",2024-04-01
1115,HRL,2024040105002137,52,47,10.00,600.00,"6,000.00",2024-04-01
1116,HRL,2024040105002138,52,29,20.00,600.00,"12,000.00",2024-04-01
1117,HRL,2024040105002139,52,44,20.00,600.00,"12,000.00",2024-04-01
1118,HRL,2024040105002140,52,48,30.00,600.00,"18,000.00",2024-04-01
1119,HRL,2024040105002141,52,58,10.00,600.00,"6,000.00",2024-04-01
1120,HRL,2024040105002142,52,58,20.00,600.00,"12,000.00",2024-04-01
1121,HRL,2024040105002143,52,49,10.00,600.00,"6,000.00",2024-04-01
1122,HRL,2024040105002144,52,59,20.00,600.00,"12,000.00",2024-04-01
1123,HRL,2024040105002145,52,6,10.00,600.00,"6,000.00",2024-04-01
1124,HRL,2024040105002146,52,58,10.00,600.00,"6,000.00",2024-04-01
1125,HRL,2024040105002147,52,58,20.00,600.00,"12,000.00",2024-04-01
1126,HRL,2024040105002148,52,4,10.00,600.00,"6,000.00",2024-04-01
1127,HRL,2024040105002149,52,42,20.00,600.00,"12,000.00",2024-04-01
1128,HRL,2024040105002153,34,25,10.00,599.20,"5,992.00",2024-04-01
1129,HRL,2024040105002160,34,58,10.00,599.30,"5,993.00",2024-04-01
1130,HRL,2024040105002171,34,25,20.00,599.30,"11,986.00",2024-04-01
1131,HRL,2024040105002172,34,45,30.00,599.20,"17,976.00",2024-04-01
1132,HRL,2024040105002178,59,74,10.00,600.00,"6,000.00",2024-04-01
1133,HRL,2024040105002179,59,55,10.00,600.00,"6,000.00",2024-04-01
1134,HRL,2024040105002180,59,36,10.00,600.00,"6,000.00",2024-04-01
1135,HRL,2024040105002181,59,36,20.00,600.00,"12,000.00",2024-04-01
1136,HRL,2024040105002182,35,57,10.00,599.30,"5,993.00",2024-04-01
1137,HRL,2024040105002183,66,21,10.00,600.00,"6,000.00",2024-04-01
1138,HRL,2024040105002184,66,58,10.00,600.00,"6,000.00",2024-04-01
1139,HRL,2024040105002185,66,42,10.00,600.00,"6,000.00",2024-04-01
1140,HRL,2024040105002186,66,49,10.00,600.00,"6,000.00",2024-04-01
1141,HRL,2024040105002187,66,43,30.00,600.00,"18,000.00",2024-04-01
1142,HRL,2024040105002188,66,25,170.00,600.00,"102,000.00",2024-04-01
1143,HRL,2024040105002189,66,49,10.00,600.00,"6,000.00",2024-04-01
1144,HRL,2024040105002190,66,44,20.00,600.00,"12,000.00",2024-04-01
1145,HRL,2024040105002191,66,58,10.00,600.00,"6,000.00",2024-04-01
1146,HRL,2024040105002192,66,57,10.00,600.00,"6,000.00",2024-04-01
1147,HRL,2024040105002193,66,19,10.00,600.00,"6,000.00",2024-04-01
1148,HRL,2024040105002194,66,57,10.00,600.00,"6,000.00",2024-04-01
1149,HRL,2024040105002195,66,34,20.00,600.00,"12,000.00",2024-04-01
1150,HRL,2024040105002196,66,7,10.00,600.00,"6,000.00",2024-04-01
1151,HRL,2024040105002197,66,40,10.00,600.00,"6,000.00",2024-04-01
1152,HRL,2024040105002198,66,21,10.00,600.00,"6,000.00",2024-04-01
1153,HRL,2024040105002199,66,41,10.00,600.00,"6,000.00",2024-04-01
1154,HRL,2024040105002200,66,49,10.00,600.00,"6,000.00",2024-04-01
1155,HRL,2024040105002201,66,57,20.00,600.00,"12,000.00",2024-04-01
1156,HRL,2024040105002202,66,57,10.00,600.00,"6,000.00",2024-04-01
1157,HRL,2024040105002203,66,4,20.00,600.00,"12,000.00",2024-04-01
1158,HRL,2024040105002204,66,56,10.00,600.00,"6,000.00",2024-04-01
1159,HRL,2024040105002205,66,14,60.00,600.00,"36,000.00",2024-04-01
1160,HRL,2024040105002209,43,14,40.00,600.00,"24,000.00",2024-04-01
1161,HRL,2024040105002210,43,57,10.00,600.00,"6,000.00",2024-04-01
1162,HRL,2024040105002212,52,48,30.00,600.00,"18,000.00",2024-04-01
1163,HRL,2024040105002213,52,57,20.00,600.00,"12,000.00",2024-04-01
1164,HRL,2024040105002214,52,71,100.00,600.00,"60,000.00",2024-04-01
1165,HRL,2024040105002215,52,21,10.00,600.00,"6,000.00",2024-04-01
1166,HRL,2024040105002216,52,57,10.00,600.00,"6,000.00",2024-04-01
1167,HRL,2024040105002217,52,21,10.00,600.00,"6,000.00",2024-04-01
1168,HRL,2024040105002218,52,7,10.00,600.00,"6,000.00",2024-04-01
1169,HRL,2024040105002219,52,49,10.00,600.00,"6,000.00",2024-04-01
1170,HRL,2024040105002220,52,51,10.00,600.00,"6,000.00",2024-04-01
1171,HRL,2024040105002221,52,55,10.00,600.00,"6,000.00",2024-04-01
1172,HRL,2024040105002222,52,43,10.00,600.00,"6,000.00",2024-04-01
1173,HRL,2024040105002223,52,55,10.00,600.00,"6,000.00",2024-04-01
1174,HRL,2024040105002224,52,51,10.00,600.00,"6,000.00",2024-04-01
1175,HRL,2024040105002225,52,55,40.00,600.00,"24,000.00",2024-04-01
1176,HRL,2024040105002226,52,58,10.00,600.00,"6,000.00",2024-04-01
1177,HRL,2024040105002227,52,60,10.00,600.00,"6,000.00",2024-04-01
1178,HRL,2024040105002228,52,35,10.00,600.00,"6,000.00",2024-04-01
1179,HRL,2024040105002229,52,34,10.00,600.00,"6,000.00",2024-04-01
1180,HRL,2024040105002230,52,11,10.00,600.00,"6,000.00",2024-04-01
1181,HRL,2024040105002231,52,58,30.00,600.00,"18,000.00",2024-04-01
1182,HRL,2024040105002232,52,51,10.00,600.00,"6,000.00",2024-04-01
1183,HRL,2024040105002233,52,21,10.00,600.00,"6,000.00",2024-04-01
1184,HRL,2024040105002234,52,4,10.00,600.00,"6,000.00",2024-04-01
1185,HRL,2024040105002235,52,58,10.00,600.00,"6,000.00",2024-04-01
1186,HRL,2024040105002236,52,42,90.00,600.00,"54,000.00",2024-04-01
1187,HRL,2024040105002238,66,42,90.00,600.00,"54,000.00",2024-04-01
1188,HRL,2024040105002239,66,51,10.00,600.00,"6,000.00",2024-04-01
1189,HRL,2024040105002240,66,8,10.00,600.00,"6,000.00",2024-04-01
1190,HRL,2024040105002241,66,52,30.00,600.00,"18,000.00",2024-04-01
1191,HRL,2024040105002242,66,35,25.00,600.00,"15,000.00",2024-04-01
1192,HRL,2024040105002243,66,94,10.00,600.00,"6,000.00",2024-04-01
1193,HRL,2024040105002244,66,52,20.00,600.00,"12,000.00",2024-04-01
1194,HRL,2024040105002245,66,58,10.00,600.00,"6,000.00",2024-04-01
1195,HRL,2024040105002246,66,35,20.00,600.00,"12,000.00",2024-04-01
1196,HRL,2024040105002247,66,51,20.00,600.00,"12,000.00",2024-04-01
1197,HRL,2024040105002248,66,55,10.00,600.00,"6,000.00",2024-04-01
1198,HRL,2024040105002249,66,52,20.00,600.00,"12,000.00",2024-04-01
1199,HRL,2024040105002250,66,41,30.00,600.00,"18,000.00",2024-04-01
1200,HRL,2024040105002251,66,52,20.00,600.00,"12,000.00",2024-04-01
1201,HRL,2024040105002252,66,45,10.00,600.00,"6,000.00",2024-04-01
1202,HRL,2024040105002253,66,51,10.00,600.00,"6,000.00",2024-04-01
1203,HRL,2024040105002254,66,42,10.00,600.00,"6,000.00",2024-04-01
1204,HRL,2024040105002255,66,17,10.00,600.00,"6,000.00",2024-04-01
1205,HRL,2024040105002256,66,35,20.00,600.00,"12,000.00",2024-04-01
1206,HRL,2024040105002257,66,83,30.00,600.00,"18,000.00",2024-04-01
1207,HRL,2024040105002258,66,42,10.00,600.00,"6,000.00",2024-04-01
1208,HRL,2024040105002259,66,54,10.00,600.00,"6,000.00",2024-04-01
1209,HRL,2024040105002260,66,32,20.00,600.00,"12,000.00",2024-04-01
1210,HRL,2024040105002261,66,55,10.00,600.00,"6,000.00",2024-04-01
1211,HRL,2024040105002262,66,49,10.00,600.00,"6,000.00",2024-04-01
1212,HRL,2024040105002263,66,34,10.00,600.00,"6,000.00",2024-04-01
1213,HRL,2024040105002264,66,57,15.00,600.00,"9,000.00",2024-04-01
1214,HRL,2024040105002266,32,35,10.00,599.40,"5,994.00",2024-04-01
1215,HRL,2024040105002267,32,17,10.00,599.40,"5,994.00",2024-04-01
1216,HRL,2024040105002269,34,51,10.00,600.00,"6,000.00",2024-04-01
1217,HRL,2024040105002270,34,58,10.00,600.00,"6,000.00",2024-04-01
1218,HRL,2024040105002271,34,58,10.00,600.00,"6,000.00",2024-04-01
1219,HRL,2024040105002272,34,21,10.00,600.00,"6,000.00",2024-04-01
1220,HRL,2024040105002273,34,41,90.00,600.00,"54,000.00",2024-04-01
1221,HRL,2024040105002274,34,34,20.00,600.00,"12,000.00",2024-04-01
1222,HRL,2024040105002275,34,36,10.00,600.00,"6,000.00",2024-04-01
1223,HRL,2024040105002276,34,58,20.00,600.00,"12,000.00",2024-04-01
1224,HRL,2024040105002277,34,41,10.00,600.00,"6,000.00",2024-04-01
1225,HRL,2024040105002278,34,4,20.00,600.00,"12,000.00",2024-04-01
1226,HRL,2024040105002279,34,55,10.00,600.00,"6,000.00",2024-04-01
1227,HRL,2024040105002280,34,54,20.00,600.00,"12,000.00",2024-04-01
1228,HRL,2024040105002281,34,38,10.00,600.00,"6,000.00",2024-04-01
1229,HRL,2024040105002282,34,53,20.00,600.00,"12,000.00",2024-04-01
1230,HRL,2024040105002283,34,13,10.00,600.00,"6,000.00",2024-04-01
1231,HRL,2024040105002284,34,36,10.00,600.00,"6,000.00",2024-04-01
1232,HRL,2024040105002285,34,22,10.00,600.00,"6,000.00",2024-04-01
1233,HRL,2024040105002286,34,52,10.00,600.00,"6,000.00",2024-04-01
1234,HRL,2024040105002287,34,10,10.00,600.00,"6,000.00",2024-04-01
1235,HRL,2024040105002288,34,54,10.00,600.00,"6,000.00",2024-04-01
1236,HRL,2024040105002289,34,38,10.00,600.00,"6,000.00",2024-04-01
1237,HRL,2024040105002290,34,4,20.00,600.00,"12,000.00",2024-04-01
1238,HRL,2024040105002291,34,34,10.00,600.00,"6,000.00",2024-04-01
1239,HRL,2024040105002292,34,36,10.00,600.00,"6,000.00",2024-04-01
1240,HRL,2024040105002293,34,46,20.00,600.00,"12,000.00",2024-04-01
1241,HRL,2024040105002295,34,14,10.00,600.00,"6,000.00",2024-04-01
1242,HRL,2024040105002296,34,38,10.00,600.00,"6,000.00",2024-04-01
1243,HRL,2024040105002298,34,58,10.00,600.00,"6,000.00",2024-04-01
1244,HRL,2024040105002301,34,34,20.00,600.00,"12,000.00",2024-04-01
1245,HRL,2024040105002302,22,41,20.00,600.10,"12,002.00",2024-04-01
1246,HRL,2024040105002303,22,41,20.00,600.10,"12,002.00",2024-04-01
1247,HRL,2024040105002304,22,58,10.00,600.10,"6,001.00",2024-04-01
1248,HRL,2024040105002306,39,34,10.00,600.20,"6,002.00",2024-04-01
1249,HRL,2024040105002308,22,43,20.00,600.10,"12,002.00",2024-04-01
1250,HRL,2024040105002315,22,6,10.00,600.10,"6,001.00",2024-04-01
1251,HRL,2024040105002317,22,49,20.00,600.10,"12,002.00",2024-04-01
1252,HRL,2024040105002319,22,57,10.00,600.10,"6,001.00",2024-04-01
1253,HRL,2024040105002320,47,44,10.00,600.20,"6,002.00",2024-04-01
1254,HRL,2024040105002321,34,44,210.00,600.00,"126,000.00",2024-04-01
1255,HRL,2024040105002322,52,44,400.00,600.00,"240,000.00",2024-04-01
1256,HRL,2024040105002323,35,38,20.00,599.50,"11,990.00",2024-04-01
1257,HRL,2024040105002325,1,44,18.00,600.00,"10,800.00",2024-04-01
1258,HRL,2024040105002329,66,44,60.00,600.10,"36,006.00",2024-04-01
1259,HRL,2024040105002330,1,38,10.00,600.00,"6,000.00",2024-04-01
1260,HRL,2024040105002331,1,7,10.00,600.00,"6,000.00",2024-04-01
1261,HRL,2024040105002333,1,44,112.00,600.00,"67,200.00",2024-04-01
1262,HRL,2024040105002334,42,34,20.00,599.60,"11,992.00",2024-04-01
1263,HRL,2024040105002335,66,28,30.00,600.00,"18,000.00",2024-04-01
1264,HRL,2024040105002336,66,38,20.00,600.00,"12,000.00",2024-04-01
1265,HRL,2024040105002337,49,44,30.00,600.10,"18,003.00",2024-04-01
1266,HRL,2024040105002344,53,22,10.00,600.20,"6,002.00",2024-04-01
1267,HRL,2024040105002345,53,21,100.00,600.30,"60,030.00",2024-04-01
1268,HRL,2024040105002346,53,22,10.00,600.40,"6,004.00",2024-04-01
1269,HRL,2024040105002347,53,46,10.00,600.40,"6,004.00",2024-04-01
1270,HRL,2024040105002348,53,56,370.00,600.50,"222,185.00",2024-04-01
1271,HRL,2024040105002349,49,58,10.00,600.10,"6,001.00",2024-04-01
1272,HRL,2024040105002351,35,56,410.00,600.50,"246,205.00",2024-04-01
1273,HRL,2024040105002353,41,56,500.00,600.50,"300,250.00",2024-04-01
1274,HRL,2024040105002358,39,38,20.00,600.20,"12,004.00",2024-04-01
1275,HRL,2024040105002363,49,8,20.00,600.10,"12,002.00",2024-04-01
1276,HRL,2024040105002364,66,29,10.00,600.00,"6,000.00",2024-04-01
1277,HRL,2024040105002366,66,22,10.00,600.00,"6,000.00",2024-04-01
1278,HRL,2024040105002367,66,45,10.00,600.00,"6,000.00",2024-04-01
1279,HRL,2024040105002368,34,38,20.00,600.00,"12,000.00",2024-04-01
1280,HRL,2024040105002369,34,26,10.00,600.00,"6,000.00",2024-04-01
1281,HRL,2024040105002370,34,58,10.00,600.00,"6,000.00",2024-04-01
1282,HRL,2024040105002377,34,49,10.00,600.00,"6,000.00",2024-04-01
1283,HRL,2024040105002378,34,1,10.00,600.00,"6,000.00",2024-04-01
1284,HRL,2024040105002380,34,4,10.00,600.00,"6,000.00",2024-04-01
1285,HRL,2024040105002381,33,56,100.00,600.50,"60,050.00",2024-04-01
1286,HRL,2024040105002382,34,41,20.00,600.00,"12,000.00",2024-04-01
1287,HRL,2024040105002383,34,51,20.00,600.00,"12,000.00",2024-04-01
1288,HRL,2024040105002384,46,38,10.00,600.00,"6,000.00",2024-04-01
1289,HRL,2024040105002385,50,38,10.00,600.00,"6,000.00",2024-04-01
1290,HRL,2024040105002388,39,58,10.00,600.10,"6,001.00",2024-04-01
1291,HRL,2024040105002389,50,58,10.00,600.00,"6,000.00",2024-04-01
1292,HRL,2024040105002392,53,56,370.00,600.50,"222,185.00",2024-04-01
1293,HRL,2024040105002393,53,54,20.00,600.50,"12,010.00",2024-04-01
1294,HRL,2024040105002394,53,55,10.00,600.50,"6,005.00",2024-04-01
1295,HRL,2024040105002395,53,6,10.00,600.50,"6,005.00",2024-04-01
1296,HRL,2024040105002396,53,34,10.00,600.50,"6,005.00",2024-04-01
1297,HRL,2024040105002398,5,58,10.00,600.10,"6,001.00",2024-04-01
1298,HRL,2024040105002407,39,58,10.00,600.20,"6,002.00",2024-04-01
1299,HRL,2024040105002412,39,45,10.00,600.20,"6,002.00",2024-04-01
1300,HRL,2024040105002413,39,57,20.00,600.20,"12,004.00",2024-04-01
1301,HRL,2024040105002414,5,18,30.00,600.60,"18,018.00",2024-04-01
1302,HRL,2024040105002415,5,87,10.00,600.70,"6,007.00",2024-04-01
1303,HRL,2024040105002416,5,54,10.00,600.70,"6,007.00",2024-04-01
1304,HRL,2024040105002417,5,38,20.00,600.70,"12,014.00",2024-04-01
1305,HRL,2024040105002421,5,38,10.00,600.70,"6,007.00",2024-04-01
1306,HRL,2024040105002423,5,55,10.00,600.70,"6,007.00",2024-04-01
1307,HRL,2024040105002424,5,44,50.00,600.70,"30,035.00",2024-04-01
1308,HRL,2024040105002425,38,44,20.00,600.70,"12,014.00",2024-04-01
1309,HRL,2024040105002426,39,44,46.00,600.20,"27,609.20",2024-04-01
1310,HRL,2024040105002427,66,44,39.00,600.20,"23,407.80",2024-04-01
1311,HRL,2024040105002428,50,44,480.00,600.00,"288,000.00",2024-04-01
1312,HRL,2024040105002429,19,44,50.00,600.00,"30,000.00",2024-04-01
1313,HRL,2024040105002430,19,44,30.00,600.00,"18,000.00",2024-04-01
1314,HRL,2024040105002431,34,44,10.00,600.00,"6,000.00",2024-04-01
1315,HRL,2024040105002433,34,48,30.00,600.00,"18,000.00",2024-04-01
1316,HRL,2024040105002435,34,58,10.00,600.00,"6,000.00",2024-04-01
1317,HRL,2024040105002436,34,38,20.00,600.00,"12,000.00",2024-04-01
1318,HRL,2024040105002441,34,35,10.00,600.00,"6,000.00",2024-04-01
1319,HRL,2024040105002442,34,49,20.00,600.00,"12,000.00",2024-04-01
1320,HRL,2024040105002444,58,22,10.00,600.00,"6,000.00",2024-04-01
1321,HRL,2024040105002445,34,38,20.00,600.10,"12,002.00",2024-04-01
1322,HRL,2024040105002446,57,49,10.00,600.60,"6,006.00",2024-04-01
1323,HRL,2024040105002447,57,34,10.00,600.60,"6,006.00",2024-04-01
1324,HRL,2024040105002449,34,44,10.00,600.10,"6,001.00",2024-04-01
1325,HRL,2024040105002450,34,58,10.00,600.10,"6,001.00",2024-04-01
1326,HRL,2024040105002451,34,13,10.00,600.10,"6,001.00",2024-04-01
1327,HRL,2024040105002452,57,57,5.00,600.00,"3,000.00",2024-04-01
1328,HRL,2024040105002453,58,53,100.00,600.00,"60,000.00",2024-04-01
1329,HRL,2024040105002454,58,58,10.00,600.00,"6,000.00",2024-04-01
1330,HRL,2024040105002457,58,40,10.00,600.00,"6,000.00",2024-04-01
1331,HRL,2024040105002458,52,41,10.00,600.00,"6,000.00",2024-04-01
1332,HRL,2024040105002460,52,33,20.00,600.00,"12,000.00",2024-04-01
1333,HRL,2024040105002461,52,38,20.00,600.00,"12,000.00",2024-04-01
1334,HRL,2024040105002463,17,28,20.00,600.70,"12,014.00",2024-04-01
1335,HRL,2024040105002464,17,49,10.00,600.70,"6,007.00",2024-04-01
1336,HRL,2024040105002465,17,57,10.00,600.70,"6,007.00",2024-04-01
1337,HRL,2024040105002467,52,45,10.00,600.00,"6,000.00",2024-04-01
1338,HRL,2024040105002468,52,21,10.00,600.00,"6,000.00",2024-04-01
1339,HRL,2024040105002469,52,58,10.00,600.00,"6,000.00",2024-04-01
1340,HRL,2024040105002473,52,38,10.00,600.00,"6,000.00",2024-04-01
1341,HRL,2024040105002477,52,19,20.00,600.00,"12,000.00",2024-04-01
1342,HRL,2024040105002479,52,49,40.00,600.00,"24,000.00",2024-04-01
1343,HRL,2024040105002480,39,48,10.00,600.70,"6,007.00",2024-04-01
1344,HRL,2024040105002481,39,58,10.00,600.80,"6,008.00",2024-04-01
1345,HRL,2024040105002482,39,45,10.00,600.90,"6,009.00",2024-04-01
1346,HRL,2024040105002483,39,58,10.00,600.90,"6,009.00",2024-04-01
1347,HRL,2024040105002484,39,55,10.00,600.90,"6,009.00",2024-04-01
1348,HRL,2024040105002485,39,7,10.00,600.90,"6,009.00",2024-04-01
1349,HRL,2024040105002486,39,4,10.00,601.00,"6,010.00",2024-04-01
1350,HRL,2024040105002487,39,47,10.00,601.00,"6,010.00",2024-04-01
1351,HRL,2024040105002490,52,34,10.00,600.00,"6,000.00",2024-04-01
1352,HRL,2024040105002492,66,75,80.00,601.00,"48,080.00",2024-04-01
1353,HRL,2024040105002493,66,54,10.00,601.00,"6,010.00",2024-04-01
1354,HRL,2024040105002494,66,58,50.00,601.00,"30,050.00",2024-04-01
1355,HRL,2024040105002495,66,58,20.00,601.00,"12,020.00",2024-04-01
1356,HRL,2024040105002496,66,38,10.00,601.00,"6,010.00",2024-04-01
1357,HRL,2024040105002497,66,58,20.00,601.00,"12,020.00",2024-04-01
1358,HRL,2024040105002498,66,58,20.00,601.00,"12,020.00",2024-04-01
1359,HRL,2024040105002499,66,58,20.00,601.00,"12,020.00",2024-04-01
1360,HRL,2024040105002500,66,58,20.00,601.00,"12,020.00",2024-04-01
1361,HRL,2024040105002501,66,58,10.00,601.00,"6,010.00",2024-04-01
1362,HRL,2024040105002502,66,57,100.00,601.00,"60,100.00",2024-04-01
1363,HRL,2024040105002503,66,42,20.00,601.00,"12,020.00",2024-04-01
1364,HRL,2024040105002504,66,94,10.00,601.00,"6,010.00",2024-04-01
1365,HRL,2024040105002505,66,49,25.00,601.00,"15,025.00",2024-04-01
1366,HRL,2024040105002506,66,38,10.00,601.00,"6,010.00",2024-04-01
1367,HRL,2024040105002507,66,38,10.00,601.00,"6,010.00",2024-04-01
1368,HRL,2024040105002508,66,35,10.00,601.00,"6,010.00",2024-04-01
1369,HRL,2024040105002509,66,57,30.00,601.00,"18,030.00",2024-04-01
1370,HRL,2024040105002511,66,8,25.00,601.00,"15,025.00",2024-04-01
1371,HRL,2024040105002516,28,49,10.00,601.00,"6,010.00",2024-04-01
1372,HRL,2024040105002518,28,19,20.00,601.00,"12,020.00",2024-04-01
1373,HRL,2024040105002519,28,49,10.00,601.00,"6,010.00",2024-04-01
1374,HRL,2024040105002521,28,49,30.00,601.00,"18,030.00",2024-04-01
1375,HRL,2024040105002522,28,21,10.00,601.00,"6,010.00",2024-04-01
1376,HRL,2024040105002525,28,29,20.00,601.00,"12,020.00",2024-04-01
1377,HRL,2024040105002529,52,58,10.00,600.00,"6,000.00",2024-04-01
1378,HRL,2024040105002532,52,42,20.00,600.00,"12,000.00",2024-04-01
1379,HRL,2024040105002535,52,35,10.00,600.00,"6,000.00",2024-04-01
1380,HRL,2024040105002536,66,29,10.00,601.00,"6,010.00",2024-04-01
1381,HRL,2024040105002537,66,48,10.00,601.00,"6,010.00",2024-04-01
1382,HRL,2024040105002538,66,55,10.00,601.00,"6,010.00",2024-04-01
1383,HRL,2024040105002542,52,48,10.00,600.00,"6,000.00",2024-04-01
1384,HRL,2024040105002545,52,85,30.00,600.00,"18,000.00",2024-04-01
1385,HRL,2024040105002549,74,42,10.00,601.00,"6,010.00",2024-04-01
1386,HRL,2024040105002550,74,52,60.00,601.00,"36,060.00",2024-04-01
1387,HRL,2024040105002551,74,41,20.00,601.00,"12,020.00",2024-04-01
1388,HRL,2024040105002552,74,49,10.00,601.00,"6,010.00",2024-04-01
1389,HRL,2024040105002553,52,49,20.00,600.00,"12,000.00",2024-04-01
1390,HRL,2024040105002555,52,7,20.00,600.00,"12,000.00",2024-04-01
1391,HRL,2024040105002556,52,7,100.00,600.00,"60,000.00",2024-04-01
1392,HRL,2024040105002558,52,36,20.00,600.00,"12,000.00",2024-04-01
1393,HRL,2024040105002562,52,41,10.00,600.00,"6,000.00",2024-04-01
1394,HRL,2024040105002563,52,44,90.00,600.00,"54,000.00",2024-04-01
1395,HRL,2024040105002564,26,44,70.00,600.00,"42,000.00",2024-04-01
1396,HRL,2024040105002565,56,44,370.00,600.00,"222,000.00",2024-04-01
1397,HRL,2024040105002566,58,44,20.00,600.00,"12,000.00",2024-04-01
1398,HRL,2024040105002567,57,44,40.00,600.00,"24,000.00",2024-04-01
1399,HRL,2024040105002568,13,44,30.00,600.00,"18,000.00",2024-04-01
1400,HRL,2024040105002580,52,58,30.00,599.60,"17,988.00",2024-04-01
1401,HRL,2024040105002584,52,13,30.00,599.60,"17,988.00",2024-04-01
1402,HRL,2024040105002585,52,14,30.00,599.60,"17,988.00",2024-04-01
1403,HRL,2024040105002589,52,75,10.00,599.80,"5,998.00",2024-04-01
1404,HRL,2024040105002595,38,14,10.00,599.50,"5,995.00",2024-04-01
1405,HRL,2024040105002600,38,5,10.00,599.50,"5,995.00",2024-04-01
1406,HRL,2024040105002601,38,6,20.00,599.50,"11,990.00",2024-04-01
1407,HRL,2024040105002602,38,75,10.00,599.50,"5,995.00",2024-04-01
1408,HRL,2024040105002603,53,32,20.00,600.00,"12,000.00",2024-04-01
1409,HRL,2024040105002604,53,45,10.00,600.00,"6,000.00",2024-04-01
1410,HRL,2024040105002605,38,34,10.00,599.50,"5,995.00",2024-04-01
1411,HRL,2024040105002622,38,42,20.00,599.50,"11,990.00",2024-04-01
1412,HRL,2024040105002623,38,22,20.00,599.50,"11,990.00",2024-04-01
1413,HRL,2024040105002624,32,45,10.00,599.40,"5,994.00",2024-04-01
1414,HRL,2024040105002630,32,38,20.00,599.40,"11,988.00",2024-04-01
1415,HRL,2024040105002632,32,37,20.00,599.40,"11,988.00",2024-04-01
1416,HRL,2024040105002633,66,91,10.00,599.40,"5,994.00",2024-04-01
1417,HRL,2024040105002639,66,38,20.00,599.40,"11,988.00",2024-04-01
1418,HRL,2024040105002641,66,37,20.00,599.40,"11,988.00",2024-04-01
1419,HRL,2024040105002642,66,57,200.00,599.40,"119,880.00",2024-04-01
1420,HRL,2024040105002643,56,57,100.00,599.30,"59,930.00",2024-04-01
1421,HRL,2024040105002644,29,57,65.00,599.30,"38,954.50",2024-04-01
1422,HRL,2024040105002647,29,38,20.00,599.30,"11,986.00",2024-04-01
1423,HRL,2024040105002651,29,52,10.00,599.30,"5,993.00",2024-04-01
1424,HRL,2024040105002652,13,57,30.00,599.20,"17,976.00",2024-04-01
1425,HRL,2024040105002659,13,38,20.00,599.20,"11,984.00",2024-04-01
1426,HRL,2024040105002662,13,41,10.00,599.20,"5,992.00",2024-04-01
1427,HRL,2024040105002663,13,57,30.00,599.20,"17,976.00",2024-04-01
1428,HRL,2024040105002664,13,58,10.00,599.20,"5,992.00",2024-04-01
1429,HRL,2024040105002665,57,52,10.00,599.10,"5,991.00",2024-04-01
1430,HRL,2024040105002667,57,58,10.00,599.10,"5,991.00",2024-04-01
1431,HRL,2024040105002672,57,38,20.00,599.10,"11,982.00",2024-04-01
1432,HRL,2024040105002674,42,58,10.00,599.30,"5,993.00",2024-04-01
1433,HRL,2024040105002678,42,59,10.00,599.30,"5,993.00",2024-04-01
1434,HRL,2024040105002681,42,38,20.00,599.30,"11,986.00",2024-04-01
1435,HRL,2024040105002687,42,57,10.00,599.30,"5,993.00",2024-04-01
1436,HRL,2024040105002688,57,57,20.00,599.10,"11,982.00",2024-04-01
1437,HRL,2024040105002689,65,52,10.00,599.00,"5,990.00",2024-04-01
1438,HRL,2024040105002694,65,28,10.00,599.00,"5,990.00",2024-04-01
1439,HRL,2024040105002695,65,81,20.00,599.00,"11,980.00",2024-04-01
1440,HRL,2024040105002696,65,33,10.00,599.00,"5,990.00",2024-04-01
1441,HRL,2024040105002699,17,41,10.00,599.00,"5,990.00",2024-04-01
1442,HRL,2024040105002700,1,58,10.00,599.00,"5,990.00",2024-04-01
1443,HRL,2024040105002703,17,42,10.00,599.10,"5,991.00",2024-04-01
1444,HRL,2024040105002707,17,49,10.00,599.10,"5,991.00",2024-04-01
1445,HRL,2024040105002708,17,8,20.00,599.10,"11,982.00",2024-04-01
1446,HRL,2024040105002709,17,45,20.00,599.10,"11,982.00",2024-04-01
1447,HRL,2024040105002710,17,38,10.00,599.10,"5,991.00",2024-04-01
1448,HRL,2024040105002712,17,84,30.00,599.10,"17,973.00",2024-04-01
1449,HRL,2024040105002713,1,84,40.00,599.00,"23,960.00",2024-04-01
1450,HRL,2024040105002714,42,84,160.00,599.00,"95,840.00",2024-04-01
1451,HRL,2024040105002715,34,84,70.00,599.00,"41,930.00",2024-04-01
1452,HRL,2024040105002719,34,34,20.00,599.00,"11,980.00",2024-04-01
1453,HRL,2024040105002722,34,28,10.00,599.00,"5,990.00",2024-04-01
1454,HRL,2024040105002723,34,4,10.00,599.00,"5,990.00",2024-04-01
1455,HRL,2024040105002725,34,33,500.00,599.00,"299,500.00",2024-04-01
1456,HRL,2024040105002726,34,49,10.00,599.00,"5,990.00",2024-04-01
1457,HRL,2024040105002727,34,34,20.00,599.00,"11,980.00",2024-04-01
1458,HRL,2024040105002728,34,58,10.00,599.00,"5,990.00",2024-04-01
1459,HRL,2024040105002729,34,45,10.00,599.00,"5,990.00",2024-04-01
1460,HRL,2024040105002730,34,49,10.00,599.00,"5,990.00",2024-04-01
1461,HRL,2024040105002731,34,28,10.00,599.00,"5,990.00",2024-04-01
1462,HRL,2024040105002732,34,3,10.00,599.00,"5,990.00",2024-04-01
1463,HRL,2024040105002733,34,35,30.00,599.00,"17,970.00",2024-04-01
1464,HRL,2024040105002735,34,58,10.00,599.00,"5,990.00",2024-04-01
1465,HRL,2024040105002736,34,58,270.00,599.00,"161,730.00",2024-04-01
1466,HRL,2024040105002737,57,58,10.00,599.00,"5,990.00",2024-04-01
1467,HRL,2024040105002738,58,58,10.00,599.00,"5,990.00",2024-04-01
1468,HRL,2024040105002739,14,58,50.00,599.00,"29,950.00",2024-04-01
1469,HRL,2024040105002740,22,58,20.00,599.00,"11,980.00",2024-04-01
1470,HRL,2024040105002742,50,29,10.00,598.90,"5,989.00",2024-04-01
1471,HRL,2024040105002743,29,58,40.00,599.00,"23,960.00",2024-04-01
1472,HRL,2024040105002745,29,56,20.00,599.00,"11,980.00",2024-04-01
1473,HRL,2024040105002746,29,95,20.00,599.00,"11,980.00",2024-04-01
1474,HRL,2024040105002748,29,21,10.00,599.00,"5,990.00",2024-04-01
1475,HRL,2024040105002749,29,21,10.00,599.00,"5,990.00",2024-04-01
1476,HRL,2024040105002750,29,39,10.00,599.00,"5,990.00",2024-04-01
1477,HRL,2024040105002754,29,49,10.00,599.00,"5,990.00",2024-04-01
1478,HRL,2024040105002755,29,58,10.00,599.00,"5,990.00",2024-04-01
1479,HRL,2024040105002757,29,35,10.00,599.00,"5,990.00",2024-04-01
1480,HRL,2024040105002760,29,57,10.00,599.00,"5,990.00",2024-04-01
1481,HRL,2024040105002765,50,21,10.00,598.90,"5,989.00",2024-04-01
1482,HRL,2024040105002769,50,75,20.00,598.90,"11,978.00",2024-04-01
1483,HRL,2024040105002772,62,38,10.00,599.00,"5,990.00",2024-04-01
1484,HRL,2024040105002773,62,34,10.00,599.00,"5,990.00",2024-04-01
1485,HRL,2024040105002777,50,49,10.00,598.90,"5,989.00",2024-04-01
1486,HRL,2024040105002778,35,34,10.00,599.00,"5,990.00",2024-04-01
1487,HRL,2024040105002779,35,51,10.00,599.30,"5,993.00",2024-04-01
1488,HRL,2024040105002780,50,33,20.00,598.90,"11,978.00",2024-04-01
1489,HRL,2024040105002788,50,35,10.00,598.90,"5,989.00",2024-04-01
1490,HRL,2024040105002793,53,45,10.00,599.00,"5,990.00",2024-04-01
1491,HRL,2024040105002794,53,48,10.00,599.00,"5,990.00",2024-04-01
1492,HRL,2024040105002796,50,34,10.00,598.90,"5,989.00",2024-04-01
1493,HRL,2024040105002801,21,48,30.00,599.00,"17,970.00",2024-04-01
1494,HRL,2024040105002802,21,58,10.00,599.00,"5,990.00",2024-04-01
1495,HRL,2024040105002803,21,4,20.00,599.00,"11,980.00",2024-04-01
1496,HRL,2024040105002811,50,36,40.00,598.90,"23,956.00",2024-04-01
1497,HRL,2024040105002812,57,85,20.00,599.00,"11,980.00",2024-04-01
1498,HRL,2024040105002821,32,85,80.00,599.00,"47,920.00",2024-04-01
1499,HRL,2024040105002822,32,58,10.00,599.00,"5,990.00",2024-04-01
