SN,Symbol,Transaction No.,Buyer Broker,Seller Broker,Share Quantity,Rate(Rs),Amount(Rs),Traded Date
1,HRL,2024040305000002,62,35,10.00,585.00,"5,850.00",2024-04-03
2,HRL,2024040305000004,62,54,10.00,595.00,"5,950.00",2024-04-03
3,HRL,2024040305000006,10,35,10.00,595.20,"5,952.00",2024-04-03
4,HRL,2024040305000007,62,32,10.00,595.00,"5,950.00",2024-04-03
5,HRL,2024040305000008,65,21,10.00,596.00,"5,960.00",2024-04-03
6,HRL,2024040305000012,41,58,10.00,597.00,"5,970.00",2024-04-03
7,HRL,2024040305000015,21,58,10.00,600.00,"6,000.00",2024-04-03
8,HRL,2024040305000016,21,35,10.00,600.00,"6,000.00",2024-04-03
9,HRL,2024040305000017,21,83,30.00,600.00,"18,000.00",2024-04-03
10,HRL,2024040305000018,21,36,100.00,600.00,"60,000.00",2024-04-03
11,HRL,2024040305000019,21,35,30.00,600.00,"18,000.00",2024-04-03
12,HRL,2024040305000020,21,49,10.00,600.00,"6,000.00",2024-04-03
13,HRL,2024040305000021,21,40,20.00,600.00,"12,000.00",2024-04-03
14,HRL,2024040305000022,21,77,10.00,600.00,"6,000.00",2024-04-03
15,HRL,2024040305000023,21,1,100.00,600.00,"60,000.00",2024-04-03
16,HRL,2024040305000024,21,49,10.00,600.00,"6,000.00",2024-04-03
17,HRL,2024040305000025,21,3,100.00,601.00,"60,100.00",2024-04-03
18,HRL,2024040305000026,21,21,10.00,603.00,"6,030.00",2024-04-03
19,HRL,2024040305000027,21,35,20.00,605.00,"12,100.00",2024-04-03
20,HRL,2024040305000028,21,59,100.00,605.00,"60,500.00",2024-04-03
21,HRL,2024040305000029,21,56,22.00,605.90,"13,329.80",2024-04-03
22,HRL,2024040305000030,21,58,10.00,606.00,"6,060.00",2024-04-03
23,HRL,2024040305000031,21,14,100.00,606.00,"60,600.00",2024-04-03
24,HRL,2024040305000032,21,49,10.00,606.00,"6,060.00",2024-04-03
25,HRL,2024040305000033,21,1,250.00,606.00,"151,500.00",2024-04-03
26,HRL,2024040305000034,21,58,20.00,606.59,"12,131.80",2024-04-03
27,HRL,2024040305000035,21,22,20.00,606.90,"12,138.00",2024-04-03
28,HRL,2024040305000036,21,45,20.00,606.90,"12,138.00",2024-04-03
29,HRL,2024040305000037,21,35,20.00,607.00,"12,140.00",2024-04-03
30,HRL,2024040305000038,21,45,200.00,607.00,"121,400.00",2024-04-03
31,HRL,2024040305000039,21,45,20.00,607.90,"12,158.00",2024-04-03
32,HRL,2024040305000040,21,32,10.00,608.00,"6,080.00",2024-04-03
33,HRL,2024040305000042,21,49,10.00,608.00,"6,080.00",2024-04-03
34,HRL,2024040305000043,21,35,10.00,608.00,"6,080.00",2024-04-03
35,HRL,2024040305000045,21,59,200.00,608.00,"121,600.00",2024-04-03
36,HRL,2024040305000047,55,42,150.00,608.50,"91,275.00",2024-04-03
37,HRL,2024040305000048,55,1,20.00,608.50,"12,170.00",2024-04-03
38,HRL,2024040305000049,21,1,148.00,608.00,"89,984.00",2024-04-03
39,HRL,2024040305000050,65,1,32.00,608.00,"19,456.00",2024-04-03
40,HRL,2024040305000051,65,22,60.00,608.80,"36,528.00",2024-04-03
41,HRL,2024040305000052,65,33,89.00,608.90,"54,192.10",2024-04-03
42,HRL,2024040305000053,65,34,481.00,608.90,"292,880.90",2024-04-03
43,HRL,2024040305000055,65,34,319.00,608.90,"194,239.10",2024-04-03
44,HRL,2024040305000056,65,55,20.00,608.90,"12,178.00",2024-04-03
45,HRL,2024040305000057,65,3,500.00,609.00,"304,500.00",2024-04-03
46,HRL,2024040305000058,65,35,10.00,609.00,"6,090.00",2024-04-03
47,HRL,2024040305000059,65,58,30.00,609.00,"18,270.00",2024-04-03
48,HRL,2024040305000060,65,58,10.00,609.00,"6,090.00",2024-04-03
49,HRL,2024040305000061,65,21,69.00,609.00,"42,021.00",2024-04-03
50,HRL,2024040305000062,41,21,10.00,597.00,"5,970.00",2024-04-03
51,HRL,2024040305000063,41,39,40.00,597.00,"23,880.00",2024-04-03
52,HRL,2024040305000066,41,49,15.00,597.00,"8,955.00",2024-04-03
53,HRL,2024040305000068,52,32,10.00,600.00,"6,000.00",2024-04-03
54,HRL,2024040305000070,36,34,144.00,598.00,"86,112.00",2024-04-03
55,HRL,2024040305000071,36,38,10.00,598.00,"5,980.00",2024-04-03
56,HRL,2024040305000072,21,58,10.00,600.00,"6,000.00",2024-04-03
57,HRL,2024040305000073,29,22,10.00,598.20,"5,982.00",2024-04-03
58,HRL,2024040305000074,65,44,12.00,599.00,"7,188.00",2024-04-03
59,HRL,2024040305000076,45,44,138.00,599.00,"82,662.00",2024-04-03
60,HRL,2024040305000077,45,48,10.00,599.00,"5,990.00",2024-04-03
61,HRL,2024040305000079,45,29,10.00,599.00,"5,990.00",2024-04-03
62,HRL,2024040305000080,45,52,10.00,599.00,"5,990.00",2024-04-03
63,HRL,2024040305000082,45,7,10.00,599.00,"5,990.00",2024-04-03
64,HRL,2024040305000085,45,35,10.00,599.00,"5,990.00",2024-04-03
65,HRL,2024040305000086,45,41,12.00,599.00,"7,188.00",2024-04-03
66,HRL,2024040305000087,47,29,10.00,599.00,"5,990.00",2024-04-03
67,HRL,2024040305000089,58,16,10.00,600.00,"6,000.00",2024-04-03
68,HRL,2024040305000090,58,49,10.00,600.00,"6,000.00",2024-04-03
69,HRL,2024040305000092,47,34,10.00,599.00,"5,990.00",2024-04-03
70,HRL,2024040305000094,47,58,10.00,599.00,"5,990.00",2024-04-03
71,HRL,2024040305000097,47,1,10.00,599.00,"5,990.00",2024-04-03
72,HRL,2024040305000098,47,32,10.00,599.00,"5,990.00",2024-04-03
73,HRL,2024040305000099,47,82,10.00,599.00,"5,990.00",2024-04-03
74,HRL,2024040305000101,47,38,20.00,599.00,"11,980.00",2024-04-03
75,HRL,2024040305000102,47,42,20.00,599.00,"11,980.00",2024-04-03
76,HRL,2024040305000106,49,21,10.00,598.50,"5,985.00",2024-04-03
77,HRL,2024040305000108,14,58,20.00,598.60,"11,972.00",2024-04-03
78,HRL,2024040305000109,14,34,10.00,598.60,"5,986.00",2024-04-03
79,HRL,2024040305000110,14,42,10.00,598.60,"5,986.00",2024-04-03
80,HRL,2024040305000111,14,58,20.00,598.60,"11,972.00",2024-04-03
81,HRL,2024040305000112,14,52,40.00,598.60,"23,944.00",2024-04-03
82,HRL,2024040305000113,49,52,90.00,598.50,"53,865.00",2024-04-03
83,HRL,2024040305000114,51,52,40.00,598.20,"23,928.00",2024-04-03
84,HRL,2024040305000115,36,52,130.00,598.00,"77,740.00",2024-04-03
85,HRL,2024040305000119,36,58,10.00,598.00,"5,980.00",2024-04-03
86,HRL,2024040305000120,36,58,206.00,598.00,"123,188.00",2024-04-03
87,HRL,2024040305000121,49,58,44.00,597.10,"26,272.40",2024-04-03
88,HRL,2024040305000124,47,55,10.00,597.20,"5,972.00",2024-04-03
89,HRL,2024040305000127,47,58,10.00,597.20,"5,972.00",2024-04-03
90,HRL,2024040305000131,47,47,10.00,597.20,"5,972.00",2024-04-03
91,HRL,2024040305000133,47,55,70.00,597.20,"41,804.00",2024-04-03
92,HRL,2024040305000134,49,55,23.00,597.10,"13,733.30",2024-04-03
93,HRL,2024040305000137,32,32,30.00,598.00,"17,940.00",2024-04-03
94,HRL,2024040305000138,49,52,10.00,597.10,"5,971.00",2024-04-03
95,HRL,2024040305000142,49,1,20.00,597.10,"11,942.00",2024-04-03
96,HRL,2024040305000145,49,50,20.00,597.10,"11,942.00",2024-04-03
97,HRL,2024040305000146,49,58,20.00,597.10,"11,942.00",2024-04-03
98,HRL,2024040305000147,49,42,10.00,597.10,"5,971.00",2024-04-03
99,HRL,2024040305000155,49,49,10.00,597.10,"5,971.00",2024-04-03
100,HRL,2024040305000156,49,6,10.00,597.10,"5,971.00",2024-04-03
101,HRL,2024040305000157,49,21,10.00,597.10,"5,971.00",2024-04-03
102,HRL,2024040305000159,49,58,10.00,597.10,"5,971.00",2024-04-03
103,HRL,2024040305000163,49,58,10.00,597.10,"5,971.00",2024-04-03
104,HRL,2024040305000164,41,22,20.00,597.00,"11,940.00",2024-04-03
105,HRL,2024040305000165,41,52,10.00,597.00,"5,970.00",2024-04-03
106,HRL,2024040305000169,41,7,10.00,597.00,"5,970.00",2024-04-03
107,HRL,2024040305000171,41,47,30.00,597.00,"17,910.00",2024-04-03
108,HRL,2024040305000173,41,58,20.00,597.00,"11,940.00",2024-04-03
109,HRL,2024040305000174,41,49,20.00,597.00,"11,940.00",2024-04-03
110,HRL,2024040305000175,41,8,10.00,597.00,"5,970.00",2024-04-03
111,HRL,2024040305000176,26,45,10.00,597.00,"5,970.00",2024-04-03
112,HRL,2024040305000181,49,16,10.00,597.10,"5,971.00",2024-04-03
113,HRL,2024040305000182,49,58,10.00,597.10,"5,971.00",2024-04-03
114,HRL,2024040305000186,32,32,30.00,597.20,"17,916.00",2024-04-03
115,HRL,2024040305000189,49,58,10.00,597.10,"5,971.00",2024-04-03
116,HRL,2024040305000190,49,35,10.00,597.10,"5,971.00",2024-04-03
117,HRL,2024040305000192,32,32,40.00,597.20,"23,888.00",2024-04-03
118,HRL,2024040305000193,49,42,10.00,597.10,"5,971.00",2024-04-03
119,HRL,2024040305000195,29,49,10.00,597.30,"5,973.00",2024-04-03
120,HRL,2024040305000201,49,42,10.00,597.10,"5,971.00",2024-04-03
121,HRL,2024040305000203,49,13,10.00,597.30,"5,973.00",2024-04-03
122,HRL,2024040305000204,49,49,2.00,597.20,"1,194.40",2024-04-03
123,HRL,2024040305000208,32,32,30.00,597.40,"17,922.00",2024-04-03
124,HRL,2024040305000215,49,38,10.00,597.30,"5,973.00",2024-04-03
125,HRL,2024040305000217,49,21,30.00,597.30,"17,919.00",2024-04-03
126,HRL,2024040305000218,49,7,10.00,597.10,"5,971.00",2024-04-03
127,HRL,2024040305000220,49,57,10.00,597.10,"5,971.00",2024-04-03
128,HRL,2024040305000227,49,35,10.00,597.10,"5,971.00",2024-04-03
129,HRL,2024040305000229,58,7,10.00,598.00,"5,980.00",2024-04-03
130,HRL,2024040305000230,52,67,10.00,598.00,"5,980.00",2024-04-03
131,HRL,2024040305000231,49,67,410.00,597.10,"244,811.00",2024-04-03
132,HRL,2024040305000232,55,67,80.00,597.10,"47,768.00",2024-04-03
133,HRL,2024040305000238,55,45,10.00,597.10,"5,971.00",2024-04-03
134,HRL,2024040305000239,55,36,10.00,597.10,"5,971.00",2024-04-03
135,HRL,2024040305000244,55,42,10.00,597.10,"5,971.00",2024-04-03
136,HRL,2024040305000247,49,28,20.00,597.20,"11,944.00",2024-04-03
137,HRL,2024040305000250,39,58,10.00,597.30,"5,973.00",2024-04-03
138,HRL,2024040305000252,39,42,10.00,597.30,"5,973.00",2024-04-03
139,HRL,2024040305000255,39,67,30.00,597.30,"17,919.00",2024-04-03
140,HRL,2024040305000256,49,67,470.00,597.20,"280,684.00",2024-04-03
141,HRL,2024040305000258,49,48,10.00,597.20,"5,972.00",2024-04-03
142,HRL,2024040305000260,3,42,10.00,597.20,"5,972.00",2024-04-03
143,HRL,2024040305000261,3,58,10.00,597.20,"5,972.00",2024-04-03
144,HRL,2024040305000262,3,46,10.00,597.20,"5,972.00",2024-04-03
145,HRL,2024040305000267,55,53,10.00,597.10,"5,971.00",2024-04-03
146,HRL,2024040305000268,55,41,30.00,597.10,"17,913.00",2024-04-03
147,HRL,2024040305000271,55,14,20.00,597.10,"11,942.00",2024-04-03
148,HRL,2024040305000273,55,45,10.00,597.10,"5,971.00",2024-04-03
149,HRL,2024040305000274,55,21,30.00,597.10,"17,913.00",2024-04-03
150,HRL,2024040305000280,55,42,10.00,597.10,"5,971.00",2024-04-03
151,HRL,2024040305000282,55,36,30.00,597.10,"17,913.00",2024-04-03
152,HRL,2024040305000283,55,55,10.00,597.10,"5,971.00",2024-04-03
153,HRL,2024040305000284,55,36,10.00,597.10,"5,971.00",2024-04-03
154,HRL,2024040305000285,55,14,20.00,597.10,"11,942.00",2024-04-03
155,HRL,2024040305000286,26,34,10.00,598.00,"5,980.00",2024-04-03
156,HRL,2024040305000287,55,42,10.00,597.10,"5,971.00",2024-04-03
157,HRL,2024040305000288,55,38,10.00,597.10,"5,971.00",2024-04-03
158,HRL,2024040305000289,55,42,10.00,597.10,"5,971.00",2024-04-03
159,HRL,2024040305000292,42,58,20.00,598.00,"11,960.00",2024-04-03
160,HRL,2024040305000293,55,8,20.00,597.10,"11,942.00",2024-04-03
161,HRL,2024040305000296,55,58,20.00,597.10,"11,942.00",2024-04-03
162,HRL,2024040305000297,55,46,10.00,597.10,"5,971.00",2024-04-03
163,HRL,2024040305000300,55,58,30.00,597.10,"17,913.00",2024-04-03
164,HRL,2024040305000306,32,51,10.00,597.20,"5,972.00",2024-04-03
165,HRL,2024040305000307,32,38,10.00,597.20,"5,972.00",2024-04-03
166,HRL,2024040305000310,55,57,10.00,597.10,"5,971.00",2024-04-03
167,HRL,2024040305000311,55,22,30.00,597.10,"17,913.00",2024-04-03
168,HRL,2024040305000312,55,38,10.00,597.10,"5,971.00",2024-04-03
169,HRL,2024040305000315,3,56,10.00,597.20,"5,972.00",2024-04-03
170,HRL,2024040305000320,55,38,30.00,597.10,"17,913.00",2024-04-03
171,HRL,2024040305000322,55,48,10.00,597.10,"5,971.00",2024-04-03
172,HRL,2024040305000324,55,35,20.00,597.10,"11,942.00",2024-04-03
173,HRL,2024040305000325,10,41,15.00,597.20,"8,958.00",2024-04-03
174,HRL,2024040305000326,55,58,10.00,597.10,"5,971.00",2024-04-03
175,HRL,2024040305000327,55,42,10.00,597.10,"5,971.00",2024-04-03
176,HRL,2024040305000328,55,8,20.00,597.10,"11,942.00",2024-04-03
177,HRL,2024040305000330,55,19,10.00,597.10,"5,971.00",2024-04-03
178,HRL,2024040305000331,55,36,30.00,597.10,"17,913.00",2024-04-03
179,HRL,2024040305000335,55,58,10.00,597.10,"5,971.00",2024-04-03
180,HRL,2024040305000336,1,45,30.00,598.00,"17,940.00",2024-04-03
181,HRL,2024040305000339,55,58,10.00,597.10,"5,971.00",2024-04-03
182,HRL,2024040305000341,55,46,10.00,597.10,"5,971.00",2024-04-03
183,HRL,2024040305000346,55,42,10.00,597.10,"5,971.00",2024-04-03
184,HRL,2024040305000347,41,45,20.00,598.00,"11,960.00",2024-04-03
185,HRL,2024040305000348,41,47,10.00,598.00,"5,980.00",2024-04-03
186,HRL,2024040305000350,55,58,20.00,597.10,"11,942.00",2024-04-03
187,HRL,2024040305000351,55,38,200.00,597.10,"119,420.00",2024-04-03
188,HRL,2024040305000354,55,45,10.00,597.10,"5,971.00",2024-04-03
189,HRL,2024040305000355,55,32,10.00,597.10,"5,971.00",2024-04-03
190,HRL,2024040305000357,25,47,10.00,598.00,"5,980.00",2024-04-03
191,HRL,2024040305000358,25,34,10.00,598.00,"5,980.00",2024-04-03
192,HRL,2024040305000359,25,58,10.00,598.00,"5,980.00",2024-04-03
193,HRL,2024040305000360,25,51,10.00,598.00,"5,980.00",2024-04-03
194,HRL,2024040305000361,25,13,10.00,598.00,"5,980.00",2024-04-03
195,HRL,2024040305000362,75,8,20.00,597.20,"11,944.00",2024-04-03
196,HRL,2024040305000363,75,58,30.00,597.20,"17,916.00",2024-04-03
197,HRL,2024040305000364,75,57,10.00,597.20,"5,972.00",2024-04-03
198,HRL,2024040305000368,75,42,40.00,597.20,"23,888.00",2024-04-03
199,HRL,2024040305000369,55,42,320.00,597.10,"191,072.00",2024-04-03
200,HRL,2024040305000370,10,58,10.00,598.00,"5,980.00",2024-04-03
201,HRL,2024040305000374,55,42,10.00,597.10,"5,971.00",2024-04-03
202,HRL,2024040305000375,55,58,10.00,597.10,"5,971.00",2024-04-03
203,HRL,2024040305000378,55,58,20.00,597.10,"11,942.00",2024-04-03
204,HRL,2024040305000380,55,58,20.00,597.10,"11,942.00",2024-04-03
205,HRL,2024040305000382,55,46,10.00,597.10,"5,971.00",2024-04-03
206,HRL,2024040305000383,55,38,20.00,597.10,"11,942.00",2024-04-03
207,HRL,2024040305000384,55,49,10.00,597.10,"5,971.00",2024-04-03
208,HRL,2024040305000385,55,21,10.00,597.10,"5,971.00",2024-04-03
209,HRL,2024040305000386,55,4,10.00,597.10,"5,971.00",2024-04-03
210,HRL,2024040305000388,58,4,10.00,597.20,"5,972.00",2024-04-03
211,HRL,2024040305000389,58,58,10.00,597.20,"5,972.00",2024-04-03
212,HRL,2024040305000390,49,50,10.00,598.00,"5,980.00",2024-04-03
213,HRL,2024040305000391,49,44,30.00,598.00,"17,940.00",2024-04-03
214,HRL,2024040305000392,49,33,10.00,598.00,"5,980.00",2024-04-03
215,HRL,2024040305000393,49,35,10.00,598.00,"5,980.00",2024-04-03
216,HRL,2024040305000394,49,34,10.00,598.00,"5,980.00",2024-04-03
217,HRL,2024040305000395,49,49,10.00,598.00,"5,980.00",2024-04-03
218,HRL,2024040305000398,49,4,10.00,598.00,"5,980.00",2024-04-03
219,HRL,2024040305000399,58,57,10.00,598.50,"5,985.00",2024-04-03
220,HRL,2024040305000400,58,22,10.00,598.50,"5,985.00",2024-04-03
221,HRL,2024040305000401,58,57,10.00,599.00,"5,990.00",2024-04-03
222,HRL,2024040305000402,58,49,30.00,599.00,"17,970.00",2024-04-03
223,HRL,2024040305000403,58,58,10.00,599.00,"5,990.00",2024-04-03
224,HRL,2024040305000404,58,49,10.00,599.00,"5,990.00",2024-04-03
225,HRL,2024040305000405,49,34,10.00,598.00,"5,980.00",2024-04-03
226,HRL,2024040305000407,49,44,20.00,598.00,"11,960.00",2024-04-03
227,HRL,2024040305000411,49,1,10.00,598.00,"5,980.00",2024-04-03
228,HRL,2024040305000416,57,42,10.00,597.50,"5,975.00",2024-04-03
229,HRL,2024040305000417,42,57,10.00,598.00,"5,980.00",2024-04-03
230,HRL,2024040305000422,57,38,20.00,597.50,"11,950.00",2024-04-03
231,HRL,2024040305000424,38,57,20.00,597.30,"11,946.00",2024-04-03
232,HRL,2024040305000425,38,38,10.00,597.30,"5,973.00",2024-04-03
233,HRL,2024040305000426,51,57,20.00,597.20,"11,944.00",2024-04-03
234,HRL,2024040305000427,51,21,10.00,597.20,"5,972.00",2024-04-03
235,HRL,2024040305000435,51,57,20.00,597.20,"11,944.00",2024-04-03
236,HRL,2024040305000437,42,58,10.00,597.20,"5,972.00",2024-04-03
237,HRL,2024040305000438,42,41,10.00,597.20,"5,972.00",2024-04-03
238,HRL,2024040305000439,55,26,10.00,597.10,"5,971.00",2024-04-03
239,HRL,2024040305000440,55,42,10.00,597.10,"5,971.00",2024-04-03
240,HRL,2024040305000443,55,44,30.00,597.10,"17,913.00",2024-04-03
241,HRL,2024040305000444,42,21,10.00,597.20,"5,972.00",2024-04-03
242,HRL,2024040305000445,55,57,20.00,597.10,"11,942.00",2024-04-03
243,HRL,2024040305000446,55,58,10.00,597.10,"5,971.00",2024-04-03
244,HRL,2024040305000447,42,21,10.00,597.20,"5,972.00",2024-04-03
245,HRL,2024040305000448,55,58,10.00,597.10,"5,971.00",2024-04-03
246,HRL,2024040305000449,55,57,20.00,597.10,"11,942.00",2024-04-03
247,HRL,2024040305000450,53,34,20.00,597.50,"11,950.00",2024-04-03
248,HRL,2024040305000451,53,57,10.00,597.50,"5,975.00",2024-04-03
249,HRL,2024040305000455,55,42,10.00,597.10,"5,971.00",2024-04-03
250,HRL,2024040305000456,55,45,20.00,597.10,"11,942.00",2024-04-03
251,HRL,2024040305000459,55,36,30.00,597.10,"17,913.00",2024-04-03
252,HRL,2024040305000461,55,58,30.00,597.10,"17,913.00",2024-04-03
253,HRL,2024040305000462,55,1,10.00,597.10,"5,971.00",2024-04-03
254,HRL,2024040305000463,55,34,20.00,597.10,"11,942.00",2024-04-03
255,HRL,2024040305000471,55,56,10.00,597.10,"5,971.00",2024-04-03
256,HRL,2024040305000472,55,51,10.00,597.10,"5,971.00",2024-04-03
257,HRL,2024040305000473,55,45,20.00,597.10,"11,942.00",2024-04-03
258,HRL,2024040305000475,55,58,10.00,597.10,"5,971.00",2024-04-03
259,HRL,2024040305000476,55,41,10.00,597.10,"5,971.00",2024-04-03
260,HRL,2024040305000477,55,42,10.00,597.10,"5,971.00",2024-04-03
261,HRL,2024040305000478,55,1,10.00,597.10,"5,971.00",2024-04-03
262,HRL,2024040305000484,55,13,10.00,597.10,"5,971.00",2024-04-03
263,HRL,2024040305000489,55,35,10.00,597.10,"5,971.00",2024-04-03
264,HRL,2024040305000495,13,13,10.00,597.50,"5,975.00",2024-04-03
265,HRL,2024040305000496,13,58,10.00,598.00,"5,980.00",2024-04-03
266,HRL,2024040305000497,13,8,10.00,598.00,"5,980.00",2024-04-03
267,HRL,2024040305000498,13,58,50.00,598.00,"29,900.00",2024-04-03
268,HRL,2024040305000499,13,6,10.00,598.00,"5,980.00",2024-04-03
269,HRL,2024040305000500,13,87,25.00,598.00,"14,950.00",2024-04-03
270,HRL,2024040305000501,13,22,10.00,598.00,"5,980.00",2024-04-03
271,HRL,2024040305000502,13,58,10.00,598.00,"5,980.00",2024-04-03
272,HRL,2024040305000503,13,53,15.00,598.00,"8,970.00",2024-04-03
273,HRL,2024040305000504,55,53,985.00,597.10,"588,143.50",2024-04-03
274,HRL,2024040305000521,55,38,10.00,597.10,"5,971.00",2024-04-03
275,HRL,2024040305000522,55,6,10.00,597.10,"5,971.00",2024-04-03
276,HRL,2024040305000523,55,21,20.00,597.10,"11,942.00",2024-04-03
277,HRL,2024040305000524,55,18,10.00,597.10,"5,971.00",2024-04-03
278,HRL,2024040305000547,55,33,"1,000.00",597.10,"597,100.00",2024-04-03
279,HRL,2024040305000551,55,48,20.00,597.10,"11,942.00",2024-04-03
280,HRL,2024040305000552,55,21,10.00,597.10,"5,971.00",2024-04-03
281,HRL,2024040305000554,55,41,20.00,597.10,"11,942.00",2024-04-03
282,HRL,2024040305000555,55,17,10.00,597.10,"5,971.00",2024-04-03
283,HRL,2024040305000556,49,19,10.00,598.90,"5,989.00",2024-04-03
284,HRL,2024040305000559,55,58,10.00,597.10,"5,971.00",2024-04-03
285,HRL,2024040305000561,49,22,10.00,599.00,"5,990.00",2024-04-03
286,HRL,2024040305000563,49,91,10.00,598.00,"5,980.00",2024-04-03
287,HRL,2024040305000565,55,49,10.00,597.10,"5,971.00",2024-04-03
288,HRL,2024040305000569,55,26,10.00,597.10,"5,971.00",2024-04-03
289,HRL,2024040305000570,55,46,10.00,597.10,"5,971.00",2024-04-03
290,HRL,2024040305000573,55,19,10.00,597.10,"5,971.00",2024-04-03
291,HRL,2024040305000574,55,21,30.00,597.10,"17,913.00",2024-04-03
292,HRL,2024040305000577,13,55,50.00,597.20,"29,860.00",2024-04-03
293,HRL,2024040305000578,55,55,945.00,597.10,"564,259.50",2024-04-03
294,HRL,2024040305000580,55,50,240.00,597.10,"143,304.00",2024-04-03
295,HRL,2024040305000581,58,50,30.00,597.10,"17,913.00",2024-04-03
296,HRL,2024040305000587,41,50,15.00,597.00,"8,955.00",2024-04-03
297,HRL,2024040305000588,57,50,100.00,597.00,"59,700.00",2024-04-03
298,HRL,2024040305000589,33,50,115.00,597.00,"68,655.00",2024-04-03
299,HRL,2024040305000590,33,58,20.00,597.00,"11,940.00",2024-04-03
300,HRL,2024040305000594,33,55,30.00,597.00,"17,910.00",2024-04-03
301,HRL,2024040305000595,33,49,10.00,597.00,"5,970.00",2024-04-03
302,HRL,2024040305000597,45,38,20.00,597.50,"11,950.00",2024-04-03
303,HRL,2024040305000599,33,58,10.00,597.00,"5,970.00",2024-04-03
304,HRL,2024040305000600,3,16,20.00,597.10,"11,942.00",2024-04-03
305,HRL,2024040305000603,45,49,20.00,598.00,"11,960.00",2024-04-03
306,HRL,2024040305000604,45,10,10.00,598.00,"5,980.00",2024-04-03
307,HRL,2024040305000605,45,52,10.00,598.00,"5,980.00",2024-04-03
308,HRL,2024040305000607,3,52,10.00,597.10,"5,971.00",2024-04-03
309,HRL,2024040305000608,3,58,15.00,597.10,"8,956.50",2024-04-03
310,HRL,2024040305000609,3,19,10.00,597.10,"5,971.00",2024-04-03
311,HRL,2024040305000613,3,22,10.00,597.10,"5,971.00",2024-04-03
312,HRL,2024040305000614,45,35,10.00,598.00,"5,980.00",2024-04-03
313,HRL,2024040305000617,3,41,30.00,597.10,"17,913.00",2024-04-03
314,HRL,2024040305000618,45,49,10.00,599.00,"5,990.00",2024-04-03
315,HRL,2024040305000619,45,42,10.00,599.00,"5,990.00",2024-04-03
316,HRL,2024040305000620,45,21,10.00,599.00,"5,990.00",2024-04-03
317,HRL,2024040305000623,3,35,20.00,597.10,"11,942.00",2024-04-03
318,HRL,2024040305000625,3,28,10.00,597.10,"5,971.00",2024-04-03
319,HRL,2024040305000629,3,35,20.00,597.10,"11,942.00",2024-04-03
320,HRL,2024040305000631,3,35,20.00,597.10,"11,942.00",2024-04-03
321,HRL,2024040305000632,3,19,10.00,597.10,"5,971.00",2024-04-03
322,HRL,2024040305000635,3,58,10.00,597.10,"5,971.00",2024-04-03
323,HRL,2024040305000638,3,35,10.00,597.10,"5,971.00",2024-04-03
324,HRL,2024040305000640,3,34,10.00,597.10,"5,971.00",2024-04-03
325,HRL,2024040305000642,45,45,9.00,590.00,"5,310.00",2024-04-03
326,HRL,2024040305000643,45,45,9.00,590.00,"5,310.00",2024-04-03
327,HRL,2024040305000644,1,33,10.00,598.00,"5,980.00",2024-04-03
328,HRL,2024040305000645,1,57,30.00,598.00,"17,940.00",2024-04-03
329,HRL,2024040305000646,45,45,2.00,590.00,"1,180.00",2024-04-03
330,HRL,2024040305000647,1,17,10.00,598.00,"5,980.00",2024-04-03
331,HRL,2024040305000649,49,17,10.00,598.00,"5,980.00",2024-04-03
332,HRL,2024040305000650,49,11,100.00,598.00,"59,800.00",2024-04-03
333,HRL,2024040305000653,49,46,10.00,598.00,"5,980.00",2024-04-03
334,HRL,2024040305000654,3,49,40.00,597.10,"23,884.00",2024-04-03
335,HRL,2024040305000657,3,34,10.00,597.10,"5,971.00",2024-04-03
336,HRL,2024040305000661,52,58,30.00,598.00,"17,940.00",2024-04-03
337,HRL,2024040305000662,52,28,10.00,598.00,"5,980.00",2024-04-03
338,HRL,2024040305000663,52,41,10.00,598.00,"5,980.00",2024-04-03
339,HRL,2024040305000664,52,21,20.00,599.00,"11,980.00",2024-04-03
340,HRL,2024040305000665,52,58,10.00,599.00,"5,990.00",2024-04-03
341,HRL,2024040305000666,52,21,10.00,599.00,"5,990.00",2024-04-03
342,HRL,2024040305000667,52,47,10.00,599.00,"5,990.00",2024-04-03
343,HRL,2024040305000668,52,47,10.00,599.00,"5,990.00",2024-04-03
344,HRL,2024040305000669,52,58,10.00,599.00,"5,990.00",2024-04-03
345,HRL,2024040305000670,52,47,10.00,599.00,"5,990.00",2024-04-03
346,HRL,2024040305000671,52,60,10.00,599.00,"5,990.00",2024-04-03
347,HRL,2024040305000672,52,47,20.00,599.00,"11,980.00",2024-04-03
348,HRL,2024040305000673,52,34,340.00,599.00,"203,660.00",2024-04-03
349,HRL,2024040305000676,3,7,22.00,597.10,"13,136.20",2024-04-03
350,HRL,2024040305000677,3,58,55.00,597.10,"32,840.50",2024-04-03
351,HRL,2024040305000680,14,26,10.00,598.00,"5,980.00",2024-04-03
352,HRL,2024040305000681,14,44,40.00,598.00,"23,920.00",2024-04-03
353,HRL,2024040305000683,14,25,50.00,598.00,"29,900.00",2024-04-03
354,HRL,2024040305000684,3,49,10.00,597.10,"5,971.00",2024-04-03
355,HRL,2024040305000685,3,57,30.00,597.10,"17,913.00",2024-04-03
356,HRL,2024040305000686,3,21,20.00,597.10,"11,942.00",2024-04-03
357,HRL,2024040305000689,3,49,10.00,597.10,"5,971.00",2024-04-03
358,HRL,2024040305000699,3,58,10.00,597.10,"5,971.00",2024-04-03
359,HRL,2024040305000700,3,6,10.00,597.10,"5,971.00",2024-04-03
360,HRL,2024040305000701,3,45,20.00,597.10,"11,942.00",2024-04-03
361,HRL,2024040305000703,3,58,20.00,597.10,"11,942.00",2024-04-03
362,HRL,2024040305000707,3,49,10.00,597.10,"5,971.00",2024-04-03
363,HRL,2024040305000710,3,58,20.00,597.10,"11,942.00",2024-04-03
364,HRL,2024040305000717,3,50,10.00,597.10,"5,971.00",2024-04-03
365,HRL,2024040305000719,33,48,10.00,597.00,"5,970.00",2024-04-03
366,HRL,2024040305000731,42,50,10.00,597.10,"5,971.00",2024-04-03
367,HRL,2024040305000732,33,41,30.00,597.00,"17,910.00",2024-04-03
368,HRL,2024040305000733,33,28,10.00,597.00,"5,970.00",2024-04-03
369,HRL,2024040305000734,33,41,30.00,597.00,"17,910.00",2024-04-03
370,HRL,2024040305000735,33,35,70.00,597.00,"41,790.00",2024-04-03
371,HRL,2024040305000736,33,26,10.00,597.00,"5,970.00",2024-04-03
372,HRL,2024040305000741,13,16,20.00,597.10,"11,942.00",2024-04-03
373,HRL,2024040305000748,33,49,10.00,597.00,"5,970.00",2024-04-03
374,HRL,2024040305000752,13,58,10.00,597.10,"5,971.00",2024-04-03
375,HRL,2024040305000762,13,28,10.00,597.10,"5,971.00",2024-04-03
376,HRL,2024040305000772,13,58,10.00,597.10,"5,971.00",2024-04-03
377,HRL,2024040305000773,33,58,10.00,597.00,"5,970.00",2024-04-03
378,HRL,2024040305000784,33,26,10.00,597.00,"5,970.00",2024-04-03
379,HRL,2024040305000788,33,45,20.00,597.00,"11,940.00",2024-04-03
380,HRL,2024040305000789,33,14,20.00,597.00,"11,940.00",2024-04-03
381,HRL,2024040305000793,33,55,10.00,597.00,"5,970.00",2024-04-03
382,HRL,2024040305000795,33,38,10.00,597.00,"5,970.00",2024-04-03
383,HRL,2024040305000799,33,28,10.00,597.00,"5,970.00",2024-04-03
384,HRL,2024040305000800,33,57,10.00,597.00,"5,970.00",2024-04-03
385,HRL,2024040305000801,26,58,15.00,597.10,"8,956.50",2024-04-03
386,HRL,2024040305000805,33,36,20.00,597.00,"11,940.00",2024-04-03
387,HRL,2024040305000806,33,22,10.00,597.00,"5,970.00",2024-04-03
388,HRL,2024040305000808,49,17,20.00,597.50,"11,950.00",2024-04-03
389,HRL,2024040305000809,33,52,15.00,597.00,"8,955.00",2024-04-03
390,HRL,2024040305000810,55,52,15.00,597.00,"8,955.00",2024-04-03
391,HRL,2024040305000811,55,45,10.00,597.00,"5,970.00",2024-04-03
392,HRL,2024040305000820,55,58,10.00,597.00,"5,970.00",2024-04-03
393,HRL,2024040305000821,55,58,10.00,597.00,"5,970.00",2024-04-03
394,HRL,2024040305000822,55,3,100.00,597.00,"59,700.00",2024-04-03
395,HRL,2024040305000823,95,49,10.00,597.50,"5,975.00",2024-04-03
396,HRL,2024040305000824,55,49,30.00,597.00,"17,910.00",2024-04-03
397,HRL,2024040305000826,45,25,50.00,598.00,"29,900.00",2024-04-03
398,HRL,2024040305000827,45,44,26.00,598.00,"15,548.00",2024-04-03
399,HRL,2024040305000829,35,17,10.00,598.00,"5,980.00",2024-04-03
400,HRL,2024040305000830,55,58,10.00,597.00,"5,970.00",2024-04-03
401,HRL,2024040305000831,55,44,10.00,597.00,"5,970.00",2024-04-03
402,HRL,2024040305000832,55,56,10.00,597.00,"5,970.00",2024-04-03
403,HRL,2024040305000842,55,56,10.00,597.00,"5,970.00",2024-04-03
404,HRL,2024040305000843,55,34,20.00,597.00,"11,940.00",2024-04-03
405,HRL,2024040305000847,35,42,10.00,597.10,"5,971.00",2024-04-03
406,HRL,2024040305000851,35,57,20.00,597.10,"11,942.00",2024-04-03
407,HRL,2024040305000852,35,52,10.00,597.10,"5,971.00",2024-04-03
408,HRL,2024040305000853,35,16,30.00,597.10,"17,913.00",2024-04-03
409,HRL,2024040305000855,35,49,20.00,597.10,"11,942.00",2024-04-03
410,HRL,2024040305000856,95,17,10.00,598.00,"5,980.00",2024-04-03
411,HRL,2024040305000857,95,44,40.00,598.00,"23,920.00",2024-04-03
412,HRL,2024040305000858,95,14,20.00,598.00,"11,960.00",2024-04-03
413,HRL,2024040305000859,95,17,20.00,598.00,"11,960.00",2024-04-03
414,HRL,2024040305000860,95,49,10.00,598.00,"5,980.00",2024-04-03
415,HRL,2024040305000861,95,54,20.00,598.00,"11,960.00",2024-04-03
416,HRL,2024040305000862,95,87,20.00,598.00,"11,960.00",2024-04-03
417,HRL,2024040305000863,35,59,10.00,597.10,"5,971.00",2024-04-03
418,HRL,2024040305000865,35,36,10.00,597.10,"5,971.00",2024-04-03
419,HRL,2024040305000867,35,38,10.00,597.10,"5,971.00",2024-04-03
420,HRL,2024040305000868,35,17,10.00,597.10,"5,971.00",2024-04-03
421,HRL,2024040305000874,35,16,40.00,597.10,"23,884.00",2024-04-03
422,HRL,2024040305000877,35,49,20.00,597.10,"11,942.00",2024-04-03
423,HRL,2024040305000878,35,22,10.00,597.10,"5,971.00",2024-04-03
424,HRL,2024040305000881,35,36,40.00,597.10,"23,884.00",2024-04-03
425,HRL,2024040305000886,35,40,10.00,597.10,"5,971.00",2024-04-03
426,HRL,2024040305000888,48,8,10.00,598.00,"5,980.00",2024-04-03
427,HRL,2024040305000889,48,68,10.00,598.00,"5,980.00",2024-04-03
428,HRL,2024040305000890,48,57,10.00,598.00,"5,980.00",2024-04-03
429,HRL,2024040305000893,19,3,20.00,597.20,"11,944.00",2024-04-03
430,HRL,2024040305000898,19,49,10.00,597.20,"5,972.00",2024-04-03
431,HRL,2024040305000900,19,22,10.00,597.20,"5,972.00",2024-04-03
432,HRL,2024040305000904,35,18,10.00,597.10,"5,971.00",2024-04-03
433,HRL,2024040305000905,35,39,40.00,597.10,"23,884.00",2024-04-03
434,HRL,2024040305000906,35,18,10.00,597.10,"5,971.00",2024-04-03
435,HRL,2024040305000907,35,38,10.00,597.10,"5,971.00",2024-04-03
436,HRL,2024040305000912,35,16,30.00,597.10,"17,913.00",2024-04-03
437,HRL,2024040305000913,35,18,10.00,597.10,"5,971.00",2024-04-03
438,HRL,2024040305000914,35,21,20.00,597.10,"11,942.00",2024-04-03
439,HRL,2024040305000917,35,18,10.00,597.10,"5,971.00",2024-04-03
440,HRL,2024040305000918,35,49,10.00,597.10,"5,971.00",2024-04-03
441,HRL,2024040305000919,13,49,10.00,597.10,"5,971.00",2024-04-03
442,HRL,2024040305000920,92,58,20.00,597.20,"11,944.00",2024-04-03
443,HRL,2024040305000942,13,18,10.00,597.10,"5,971.00",2024-04-03
444,HRL,2024040305000943,13,48,30.00,597.10,"17,913.00",2024-04-03
445,HRL,2024040305000947,21,45,20.00,597.20,"11,944.00",2024-04-03
446,HRL,2024040305000948,13,18,10.00,597.10,"5,971.00",2024-04-03
447,HRL,2024040305000951,13,38,20.00,597.10,"11,942.00",2024-04-03
448,HRL,2024040305000954,13,16,20.00,597.10,"11,942.00",2024-04-03
449,HRL,2024040305000955,13,16,10.00,597.10,"5,971.00",2024-04-03
450,HRL,2024040305000958,41,18,10.00,597.20,"5,972.00",2024-04-03
451,HRL,2024040305000963,26,35,20.00,598.00,"11,960.00",2024-04-03
452,HRL,2024040305000964,26,45,10.00,598.00,"5,980.00",2024-04-03
453,HRL,2024040305000965,26,54,10.00,598.00,"5,980.00",2024-04-03
454,HRL,2024040305000966,26,25,80.00,598.00,"47,840.00",2024-04-03
455,HRL,2024040305000968,41,58,10.00,597.20,"5,972.00",2024-04-03
456,HRL,2024040305000969,41,16,10.00,597.20,"5,972.00",2024-04-03
457,HRL,2024040305000972,39,25,20.00,598.00,"11,960.00",2024-04-03
458,HRL,2024040305000973,39,58,20.00,598.00,"11,960.00",2024-04-03
459,HRL,2024040305000974,39,57,20.00,598.00,"11,960.00",2024-04-03
460,HRL,2024040305000975,39,91,10.00,598.00,"5,980.00",2024-04-03
461,HRL,2024040305000977,39,18,10.00,598.00,"5,980.00",2024-04-03
462,HRL,2024040305000978,39,16,20.00,598.00,"11,960.00",2024-04-03
463,HRL,2024040305000979,94,10,30.00,599.00,"17,970.00",2024-04-03
464,HRL,2024040305000980,94,1,10.00,599.00,"5,990.00",2024-04-03
465,HRL,2024040305000981,94,21,20.00,599.00,"11,980.00",2024-04-03
466,HRL,2024040305000982,94,56,10.00,599.00,"5,990.00",2024-04-03
467,HRL,2024040305000983,94,1,10.00,599.00,"5,990.00",2024-04-03
468,HRL,2024040305000984,94,38,10.00,599.00,"5,990.00",2024-04-03
469,HRL,2024040305000985,94,57,10.00,599.00,"5,990.00",2024-04-03
470,HRL,2024040305000986,94,70,30.00,599.00,"17,970.00",2024-04-03
471,HRL,2024040305000987,94,49,10.00,599.00,"5,990.00",2024-04-03
472,HRL,2024040305000988,94,77,20.00,599.00,"11,980.00",2024-04-03
473,HRL,2024040305000989,94,48,10.00,599.00,"5,990.00",2024-04-03
474,HRL,2024040305000990,94,49,10.00,599.00,"5,990.00",2024-04-03
475,HRL,2024040305000991,94,4,10.00,599.00,"5,990.00",2024-04-03
476,HRL,2024040305000992,94,58,10.00,599.00,"5,990.00",2024-04-03
477,HRL,2024040305000996,39,4,10.00,598.00,"5,980.00",2024-04-03
478,HRL,2024040305000997,39,45,10.00,598.00,"5,980.00",2024-04-03
479,HRL,2024040305000999,39,58,10.00,598.00,"5,980.00",2024-04-03
480,HRL,2024040305001003,32,75,10.00,599.00,"5,990.00",2024-04-03
481,HRL,2024040305001004,32,58,10.00,599.10,"5,991.00",2024-04-03
482,HRL,2024040305001007,39,16,30.00,598.00,"17,940.00",2024-04-03
483,HRL,2024040305001015,39,36,10.00,598.00,"5,980.00",2024-04-03
484,HRL,2024040305001025,14,58,22.00,598.90,"13,175.80",2024-04-03
485,HRL,2024040305001027,39,44,50.00,598.00,"29,900.00",2024-04-03
486,HRL,2024040305001028,48,44,200.00,598.00,"119,600.00",2024-04-03
487,HRL,2024040305001029,49,44,500.00,598.00,"299,000.00",2024-04-03
488,HRL,2024040305001030,94,44,100.00,598.00,"59,800.00",2024-04-03
489,HRL,2024040305001033,13,47,17.00,598.00,"10,166.00",2024-04-03
490,HRL,2024040305001034,13,21,10.00,599.00,"5,990.00",2024-04-03
491,HRL,2024040305001035,13,75,10.00,599.10,"5,991.00",2024-04-03
492,HRL,2024040305001037,13,49,10.00,599.60,"5,996.00",2024-04-03
493,HRL,2024040305001042,13,42,20.00,599.70,"11,994.00",2024-04-03
494,HRL,2024040305001044,13,59,20.00,599.90,"11,998.00",2024-04-03
495,HRL,2024040305001045,13,35,10.00,599.90,"5,999.00",2024-04-03
496,HRL,2024040305001046,13,58,100.00,599.90,"59,990.00",2024-04-03
497,HRL,2024040305001047,13,58,40.00,599.90,"23,996.00",2024-04-03
498,HRL,2024040305001048,13,91,53.00,599.90,"31,794.70",2024-04-03
499,HRL,2024040305001049,13,21,68.00,599.90,"40,793.20",2024-04-03
500,HRL,2024040305001050,13,51,10.00,599.90,"5,999.00",2024-04-03
501,HRL,2024040305001052,94,57,30.00,600.00,"18,000.00",2024-04-03
502,HRL,2024040305001053,94,58,20.00,600.00,"12,000.00",2024-04-03
503,HRL,2024040305001054,94,45,10.00,600.00,"6,000.00",2024-04-03
504,HRL,2024040305001055,94,42,20.00,600.00,"12,000.00",2024-04-03
505,HRL,2024040305001056,94,4,20.00,600.00,"12,000.00",2024-04-03
506,HRL,2024040305001057,94,56,10.00,600.00,"6,000.00",2024-04-03
507,HRL,2024040305001058,94,58,30.00,600.00,"18,000.00",2024-04-03
508,HRL,2024040305001059,94,35,10.00,600.00,"6,000.00",2024-04-03
509,HRL,2024040305001060,94,66,10.00,600.00,"6,000.00",2024-04-03
510,HRL,2024040305001061,94,42,20.00,600.00,"12,000.00",2024-04-03
511,HRL,2024040305001062,94,58,20.00,600.00,"12,000.00",2024-04-03
512,HRL,2024040305001063,13,44,10.00,599.90,"5,999.00",2024-04-03
513,HRL,2024040305001065,13,3,10.00,599.90,"5,999.00",2024-04-03
514,HRL,2024040305001066,58,49,10.00,600.00,"6,000.00",2024-04-03
515,HRL,2024040305001067,58,45,30.00,600.00,"18,000.00",2024-04-03
516,HRL,2024040305001068,58,19,30.00,600.00,"18,000.00",2024-04-03
517,HRL,2024040305001069,56,52,20.00,600.00,"12,000.00",2024-04-03
518,HRL,2024040305001070,56,22,50.00,600.00,"30,000.00",2024-04-03
519,HRL,2024040305001071,56,38,10.00,600.00,"6,000.00",2024-04-03
520,HRL,2024040305001072,56,45,20.00,600.00,"12,000.00",2024-04-03
521,HRL,2024040305001073,56,43,30.00,600.00,"18,000.00",2024-04-03
522,HRL,2024040305001074,56,51,10.00,600.00,"6,000.00",2024-04-03
523,HRL,2024040305001075,56,45,20.00,600.00,"12,000.00",2024-04-03
524,HRL,2024040305001076,56,55,140.00,600.00,"84,000.00",2024-04-03
525,HRL,2024040305001077,13,55,"1,102.00",600.00,"661,200.00",2024-04-03
526,HRL,2024040305001080,56,55,758.00,600.00,"454,800.00",2024-04-03
527,HRL,2024040305001081,56,58,20.00,600.00,"12,000.00",2024-04-03
528,HRL,2024040305001082,56,42,20.00,600.00,"12,000.00",2024-04-03
529,HRL,2024040305001083,56,28,10.00,600.00,"6,000.00",2024-04-03
530,HRL,2024040305001084,56,43,30.00,600.00,"18,000.00",2024-04-03
531,HRL,2024040305001085,56,6,10.00,600.00,"6,000.00",2024-04-03
532,HRL,2024040305001086,56,38,30.00,600.00,"18,000.00",2024-04-03
533,HRL,2024040305001087,56,35,10.00,600.00,"6,000.00",2024-04-03
534,HRL,2024040305001088,56,42,20.00,600.00,"12,000.00",2024-04-03
535,HRL,2024040305001089,56,21,30.00,600.00,"18,000.00",2024-04-03
536,HRL,2024040305001090,56,45,10.00,600.00,"6,000.00",2024-04-03
537,HRL,2024040305001091,56,42,20.00,600.00,"12,000.00",2024-04-03
538,HRL,2024040305001092,56,28,10.00,600.00,"6,000.00",2024-04-03
539,HRL,2024040305001093,56,42,20.00,600.00,"12,000.00",2024-04-03
540,HRL,2024040305001094,56,58,20.00,600.00,"12,000.00",2024-04-03
541,HRL,2024040305001095,56,42,10.00,600.00,"6,000.00",2024-04-03
542,HRL,2024040305001096,56,42,20.00,600.00,"12,000.00",2024-04-03
543,HRL,2024040305001097,56,42,10.00,600.00,"6,000.00",2024-04-03
544,HRL,2024040305001098,56,58,10.00,600.00,"6,000.00",2024-04-03
545,HRL,2024040305001099,56,17,30.00,600.00,"18,000.00",2024-04-03
546,HRL,2024040305001100,56,58,20.00,600.00,"12,000.00",2024-04-03
547,HRL,2024040305001101,56,56,600.00,600.00,"360,000.00",2024-04-03
548,HRL,2024040305001102,56,56,10.00,600.00,"6,000.00",2024-04-03
549,HRL,2024040305001103,56,63,10.00,600.00,"6,000.00",2024-04-03
550,HRL,2024040305001104,56,57,20.00,600.00,"12,000.00",2024-04-03
551,HRL,2024040305001105,56,51,10.00,600.00,"6,000.00",2024-04-03
552,HRL,2024040305001106,56,57,20.00,600.00,"12,000.00",2024-04-03
553,HRL,2024040305001107,56,50,10.00,600.00,"6,000.00",2024-04-03
554,HRL,2024040305001108,56,58,10.00,600.00,"6,000.00",2024-04-03
555,HRL,2024040305001109,56,44,10.00,600.00,"6,000.00",2024-04-03
556,HRL,2024040305001110,56,4,10.00,600.00,"6,000.00",2024-04-03
557,HRL,2024040305001111,56,58,20.00,600.00,"12,000.00",2024-04-03
558,HRL,2024040305001112,56,52,10.00,600.00,"6,000.00",2024-04-03
559,HRL,2024040305001113,56,42,20.00,600.00,"12,000.00",2024-04-03
560,HRL,2024040305001114,56,19,10.00,600.00,"6,000.00",2024-04-03
561,HRL,2024040305001115,56,53,10.00,600.00,"6,000.00",2024-04-03
562,HRL,2024040305001116,56,45,10.00,600.00,"6,000.00",2024-04-03
563,HRL,2024040305001117,56,57,105.00,600.00,"63,000.00",2024-04-03
564,HRL,2024040305001118,56,42,10.00,600.00,"6,000.00",2024-04-03
565,HRL,2024040305001119,56,4,10.00,600.00,"6,000.00",2024-04-03
566,HRL,2024040305001120,56,44,10.00,600.00,"6,000.00",2024-04-03
567,HRL,2024040305001121,56,39,10.00,600.00,"6,000.00",2024-04-03
568,HRL,2024040305001122,56,42,10.00,600.00,"6,000.00",2024-04-03
569,HRL,2024040305001123,56,42,10.00,600.00,"6,000.00",2024-04-03
570,HRL,2024040305001124,56,21,30.00,600.00,"18,000.00",2024-04-03
571,HRL,2024040305001125,56,42,20.00,600.00,"12,000.00",2024-04-03
572,HRL,2024040305001126,56,17,10.00,600.00,"6,000.00",2024-04-03
573,HRL,2024040305001127,56,52,10.00,600.00,"6,000.00",2024-04-03
574,HRL,2024040305001128,56,32,10.00,600.00,"6,000.00",2024-04-03
575,HRL,2024040305001129,56,58,20.00,600.00,"12,000.00",2024-04-03
576,HRL,2024040305001130,56,49,150.00,600.00,"90,000.00",2024-04-03
577,HRL,2024040305001131,56,38,10.00,600.00,"6,000.00",2024-04-03
578,HRL,2024040305001132,56,52,20.00,600.00,"12,000.00",2024-04-03
579,HRL,2024040305001133,56,36,10.00,600.00,"6,000.00",2024-04-03
580,HRL,2024040305001134,56,21,10.00,600.00,"6,000.00",2024-04-03
581,HRL,2024040305001135,56,52,10.00,600.00,"6,000.00",2024-04-03
582,HRL,2024040305001136,56,57,20.00,600.00,"12,000.00",2024-04-03
583,HRL,2024040305001137,56,35,20.00,600.00,"12,000.00",2024-04-03
584,HRL,2024040305001138,56,49,10.00,600.00,"6,000.00",2024-04-03
585,HRL,2024040305001139,56,49,10.00,600.00,"6,000.00",2024-04-03
586,HRL,2024040305001140,56,58,30.00,600.00,"18,000.00",2024-04-03
587,HRL,2024040305001141,56,35,10.00,600.00,"6,000.00",2024-04-03
588,HRL,2024040305001142,56,49,10.00,600.00,"6,000.00",2024-04-03
589,HRL,2024040305001143,56,49,20.00,600.00,"12,000.00",2024-04-03
590,HRL,2024040305001144,56,21,20.00,600.00,"12,000.00",2024-04-03
591,HRL,2024040305001145,56,58,20.00,600.00,"12,000.00",2024-04-03
592,HRL,2024040305001146,56,50,10.00,600.00,"6,000.00",2024-04-03
593,HRL,2024040305001147,56,10,10.00,600.00,"6,000.00",2024-04-03
594,HRL,2024040305001148,56,42,20.00,600.00,"12,000.00",2024-04-03
595,HRL,2024040305001149,56,45,10.00,600.00,"6,000.00",2024-04-03
596,HRL,2024040305001150,56,42,20.00,600.00,"12,000.00",2024-04-03
597,HRL,2024040305001151,56,49,10.00,600.00,"6,000.00",2024-04-03
598,HRL,2024040305001152,56,39,20.00,600.00,"12,000.00",2024-04-03
599,HRL,2024040305001153,56,42,20.00,600.00,"12,000.00",2024-04-03
600,HRL,2024040305001154,56,14,20.00,600.00,"12,000.00",2024-04-03
601,HRL,2024040305001155,56,38,50.00,600.00,"30,000.00",2024-04-03
602,HRL,2024040305001156,56,42,10.00,600.00,"6,000.00",2024-04-03
603,HRL,2024040305001157,56,42,20.00,600.00,"12,000.00",2024-04-03
604,HRL,2024040305001158,56,45,10.00,600.00,"6,000.00",2024-04-03
605,HRL,2024040305001159,56,42,20.00,600.00,"12,000.00",2024-04-03
606,HRL,2024040305001160,56,55,20.00,600.00,"12,000.00",2024-04-03
607,HRL,2024040305001161,56,22,10.00,600.00,"6,000.00",2024-04-03
608,HRL,2024040305001162,56,42,20.00,600.00,"12,000.00",2024-04-03
609,HRL,2024040305001163,56,50,147.00,600.00,"88,200.00",2024-04-03
610,HRL,2024040305001165,1,50,353.00,600.00,"211,800.00",2024-04-03
611,HRL,2024040305001166,1,19,20.00,600.00,"12,000.00",2024-04-03
612,HRL,2024040305001167,1,52,20.00,600.00,"12,000.00",2024-04-03
613,HRL,2024040305001168,1,19,20.00,600.00,"12,000.00",2024-04-03
614,HRL,2024040305001169,1,42,20.00,600.00,"12,000.00",2024-04-03
615,HRL,2024040305001170,1,17,20.00,600.00,"12,000.00",2024-04-03
616,HRL,2024040305001171,1,34,10.00,600.00,"6,000.00",2024-04-03
617,HRL,2024040305001172,1,34,30.00,600.00,"18,000.00",2024-04-03
618,HRL,2024040305001173,57,70,50.00,600.00,"30,000.00",2024-04-03
619,HRL,2024040305001175,57,16,30.00,599.70,"17,991.00",2024-04-03
620,HRL,2024040305001176,43,70,150.00,600.00,"90,000.00",2024-04-03
621,HRL,2024040305001177,43,6,50.00,600.00,"30,000.00",2024-04-03
622,HRL,2024040305001185,57,44,10.00,599.70,"5,997.00",2024-04-03
623,HRL,2024040305001186,56,6,150.00,600.00,"90,000.00",2024-04-03
624,HRL,2024040305001189,57,49,20.00,599.70,"11,994.00",2024-04-03
625,HRL,2024040305001192,57,44,440.00,599.70,"263,868.00",2024-04-03
626,HRL,2024040305001204,56,58,10.00,599.10,"5,991.00",2024-04-03
627,HRL,2024040305001206,62,7,20.00,599.90,"11,998.00",2024-04-03
628,HRL,2024040305001207,62,6,75.00,600.00,"45,000.00",2024-04-03
629,HRL,2024040305001208,62,57,15.00,600.00,"9,000.00",2024-04-03
630,HRL,2024040305001209,62,19,20.00,600.00,"12,000.00",2024-04-03
631,HRL,2024040305001210,62,57,20.00,600.00,"12,000.00",2024-04-03
632,HRL,2024040305001211,62,49,10.00,600.00,"6,000.00",2024-04-03
633,HRL,2024040305001212,62,50,20.00,600.00,"12,000.00",2024-04-03
634,HRL,2024040305001213,62,45,10.00,600.00,"6,000.00",2024-04-03
635,HRL,2024040305001214,62,21,30.00,600.00,"18,000.00",2024-04-03
636,HRL,2024040305001215,62,58,20.00,600.00,"12,000.00",2024-04-03
637,HRL,2024040305001216,62,54,10.00,600.00,"6,000.00",2024-04-03
638,HRL,2024040305001217,62,58,20.00,600.00,"12,000.00",2024-04-03
639,HRL,2024040305001218,62,6,10.00,600.00,"6,000.00",2024-04-03
640,HRL,2024040305001219,62,58,20.00,600.00,"12,000.00",2024-04-03
641,HRL,2024040305001220,62,58,30.00,600.00,"18,000.00",2024-04-03
642,HRL,2024040305001221,62,49,20.00,600.00,"12,000.00",2024-04-03
643,HRL,2024040305001222,62,45,10.00,600.00,"6,000.00",2024-04-03
644,HRL,2024040305001223,62,48,150.00,600.00,"90,000.00",2024-04-03
645,HRL,2024040305001224,62,58,10.00,600.00,"6,000.00",2024-04-03
646,HRL,2024040305001225,62,51,10.00,600.00,"6,000.00",2024-04-03
647,HRL,2024040305001226,62,28,20.00,600.00,"12,000.00",2024-04-03
648,HRL,2024040305001227,62,57,20.00,600.00,"12,000.00",2024-04-03
649,HRL,2024040305001228,62,62,100.00,600.00,"60,000.00",2024-04-03
650,HRL,2024040305001229,62,16,20.00,600.00,"12,000.00",2024-04-03
651,HRL,2024040305001230,62,60,10.00,600.00,"6,000.00",2024-04-03
652,HRL,2024040305001231,62,7,20.00,600.00,"12,000.00",2024-04-03
653,HRL,2024040305001232,62,58,170.00,600.00,"102,000.00",2024-04-03
654,HRL,2024040305001233,62,48,10.00,600.00,"6,000.00",2024-04-03
655,HRL,2024040305001234,62,38,10.00,600.00,"6,000.00",2024-04-03
656,HRL,2024040305001235,62,58,20.00,600.00,"12,000.00",2024-04-03
657,HRL,2024040305001236,62,4,20.00,600.00,"12,000.00",2024-04-03
658,HRL,2024040305001237,62,58,10.00,600.00,"6,000.00",2024-04-03
659,HRL,2024040305001238,62,58,10.00,600.00,"6,000.00",2024-04-03
660,HRL,2024040305001239,62,21,20.00,600.00,"12,000.00",2024-04-03
661,HRL,2024040305001240,62,49,10.00,600.00,"6,000.00",2024-04-03
662,HRL,2024040305001241,62,45,10.00,600.00,"6,000.00",2024-04-03
663,HRL,2024040305001242,62,58,20.00,600.00,"12,000.00",2024-04-03
664,HRL,2024040305001243,62,41,10.00,600.00,"6,000.00",2024-04-03
665,HRL,2024040305001244,62,6,20.00,600.00,"12,000.00",2024-04-03
666,HRL,2024040305001245,62,58,20.00,600.00,"12,000.00",2024-04-03
667,HRL,2024040305001246,62,35,10.00,600.00,"6,000.00",2024-04-03
668,HRL,2024040305001247,62,45,30.00,600.00,"18,000.00",2024-04-03
669,HRL,2024040305001248,62,25,10.00,600.00,"6,000.00",2024-04-03
670,HRL,2024040305001249,62,54,10.00,600.00,"6,000.00",2024-04-03
671,HRL,2024040305001250,62,4,10.00,600.00,"6,000.00",2024-04-03
672,HRL,2024040305001251,62,4,10.00,600.00,"6,000.00",2024-04-03
673,HRL,2024040305001252,62,25,20.00,600.00,"12,000.00",2024-04-03
674,HRL,2024040305001253,62,7,100.00,600.00,"60,000.00",2024-04-03
675,HRL,2024040305001254,62,3,10.00,600.00,"6,000.00",2024-04-03
676,HRL,2024040305001255,62,83,20.00,600.00,"12,000.00",2024-04-03
677,HRL,2024040305001256,62,58,10.00,600.00,"6,000.00",2024-04-03
678,HRL,2024040305001257,62,58,30.00,600.00,"18,000.00",2024-04-03
679,HRL,2024040305001259,56,38,10.00,599.10,"5,991.00",2024-04-03
680,HRL,2024040305001260,56,49,20.00,599.10,"11,982.00",2024-04-03
681,HRL,2024040305001263,56,43,30.00,599.10,"17,973.00",2024-04-03
682,HRL,2024040305001267,56,57,10.00,599.10,"5,991.00",2024-04-03
683,HRL,2024040305001277,5,58,20.00,600.00,"12,000.00",2024-04-03
684,HRL,2024040305001278,5,14,20.00,600.00,"12,000.00",2024-04-03
685,HRL,2024040305001279,5,34,10.00,600.00,"6,000.00",2024-04-03
686,HRL,2024040305001280,5,35,10.00,600.00,"6,000.00",2024-04-03
687,HRL,2024040305001281,5,47,10.00,600.00,"6,000.00",2024-04-03
688,HRL,2024040305001282,5,49,10.00,600.00,"6,000.00",2024-04-03
689,HRL,2024040305001283,5,37,20.00,600.00,"12,000.00",2024-04-03
690,HRL,2024040305001286,56,43,30.00,599.10,"17,973.00",2024-04-03
691,HRL,2024040305001287,51,37,30.00,600.00,"18,000.00",2024-04-03
692,HRL,2024040305001288,51,49,83.00,600.00,"49,800.00",2024-04-03
693,HRL,2024040305001289,51,35,10.00,600.00,"6,000.00",2024-04-03
694,HRL,2024040305001290,51,36,20.00,600.00,"12,000.00",2024-04-03
695,HRL,2024040305001291,51,57,37.00,600.00,"22,200.00",2024-04-03
696,HRL,2024040305001292,56,1,100.00,599.10,"59,910.00",2024-04-03
697,HRL,2024040305001294,5,57,13.00,600.00,"7,800.00",2024-04-03
698,HRL,2024040305001295,5,49,10.00,600.00,"6,000.00",2024-04-03
699,HRL,2024040305001296,5,59,77.00,600.00,"46,200.00",2024-04-03
700,HRL,2024040305001302,56,49,20.00,599.10,"11,982.00",2024-04-03
701,HRL,2024040305001328,62,48,30.00,599.20,"17,976.00",2024-04-03
702,HRL,2024040305001329,62,35,"1,000.00",599.20,"599,200.00",2024-04-03
703,HRL,2024040305001330,56,56,10.00,599.10,"5,991.00",2024-04-03
704,HRL,2024040305001331,56,45,10.00,599.10,"5,991.00",2024-04-03
705,HRL,2024040305001332,32,35,100.00,599.90,"59,990.00",2024-04-03
706,HRL,2024040305001333,32,59,123.00,600.00,"73,800.00",2024-04-03
707,HRL,2024040305001334,32,58,10.00,600.00,"6,000.00",2024-04-03
708,HRL,2024040305001335,32,32,10.00,600.00,"6,000.00",2024-04-03
709,HRL,2024040305001336,32,49,10.00,600.00,"6,000.00",2024-04-03
710,HRL,2024040305001337,32,47,10.00,600.00,"6,000.00",2024-04-03
711,HRL,2024040305001338,32,49,20.00,600.00,"12,000.00",2024-04-03
712,HRL,2024040305001339,32,57,30.00,600.00,"18,000.00",2024-04-03
713,HRL,2024040305001340,32,58,60.00,600.10,"36,006.00",2024-04-03
714,HRL,2024040305001341,32,52,10.00,600.10,"6,001.00",2024-04-03
715,HRL,2024040305001342,32,58,10.00,600.90,"6,009.00",2024-04-03
716,HRL,2024040305001343,32,91,100.00,600.90,"60,090.00",2024-04-03
717,HRL,2024040305001361,62,38,10.00,599.20,"5,992.00",2024-04-03
718,HRL,2024040305001379,62,58,20.00,599.20,"11,984.00",2024-04-03
719,HRL,2024040305001380,62,38,100.00,599.20,"59,920.00",2024-04-03
720,HRL,2024040305001381,62,34,10.00,599.20,"5,992.00",2024-04-03
721,HRL,2024040305001382,62,57,280.00,599.20,"167,776.00",2024-04-03
722,HRL,2024040305001392,62,38,10.00,599.20,"5,992.00",2024-04-03
723,HRL,2024040305001393,62,38,10.00,599.20,"5,992.00",2024-04-03
724,HRL,2024040305001394,62,21,10.00,599.20,"5,992.00",2024-04-03
725,HRL,2024040305001396,62,49,10.00,599.20,"5,992.00",2024-04-03
726,HRL,2024040305001403,62,58,20.00,599.20,"11,984.00",2024-04-03
727,HRL,2024040305001404,62,68,10.00,599.20,"5,992.00",2024-04-03
728,HRL,2024040305001407,62,35,100.00,599.90,"59,990.00",2024-04-03
729,HRL,2024040305001408,62,58,10.00,600.00,"6,000.00",2024-04-03
730,HRL,2024040305001409,62,63,10.00,600.00,"6,000.00",2024-04-03
731,HRL,2024040305001410,62,49,10.00,600.00,"6,000.00",2024-04-03
732,HRL,2024040305001411,62,57,20.00,600.00,"12,000.00",2024-04-03
733,HRL,2024040305001412,62,19,10.00,600.00,"6,000.00",2024-04-03
734,HRL,2024040305001413,62,17,30.00,600.00,"18,000.00",2024-04-03
735,HRL,2024040305001414,62,21,10.00,600.00,"6,000.00",2024-04-03
736,HRL,2024040305001415,62,21,10.00,599.20,"5,992.00",2024-04-03
737,HRL,2024040305001417,48,21,10.00,600.00,"6,000.00",2024-04-03
738,HRL,2024040305001418,48,59,10.00,600.00,"6,000.00",2024-04-03
739,HRL,2024040305001419,48,58,10.00,600.00,"6,000.00",2024-04-03
740,HRL,2024040305001420,48,17,10.00,600.00,"6,000.00",2024-04-03
741,HRL,2024040305001421,48,54,10.00,600.00,"6,000.00",2024-04-03
742,HRL,2024040305001422,62,35,100.00,600.90,"60,090.00",2024-04-03
743,HRL,2024040305001423,62,38,10.00,600.90,"6,009.00",2024-04-03
744,HRL,2024040305001424,48,45,10.00,600.00,"6,000.00",2024-04-03
745,HRL,2024040305001425,48,38,10.00,600.00,"6,000.00",2024-04-03
746,HRL,2024040305001428,48,58,10.00,600.00,"6,000.00",2024-04-03
747,HRL,2024040305001429,62,57,30.00,600.00,"18,000.00",2024-04-03
748,HRL,2024040305001430,62,35,120.00,600.00,"72,000.00",2024-04-03
749,HRL,2024040305001431,39,38,20.00,599.90,"11,998.00",2024-04-03
750,HRL,2024040305001438,39,35,80.00,599.90,"47,992.00",2024-04-03
751,HRL,2024040305001439,52,35,10.00,600.00,"6,000.00",2024-04-03
752,HRL,2024040305001440,52,42,20.00,600.00,"12,000.00",2024-04-03
753,HRL,2024040305001441,52,58,20.00,600.00,"12,000.00",2024-04-03
754,HRL,2024040305001442,52,34,10.00,600.00,"6,000.00",2024-04-03
755,HRL,2024040305001443,52,57,20.00,600.00,"12,000.00",2024-04-03
756,HRL,2024040305001444,52,44,85.00,600.00,"51,000.00",2024-04-03
757,HRL,2024040305001446,42,44,40.00,599.20,"23,968.00",2024-04-03
758,HRL,2024040305001447,62,44,400.00,599.20,"239,680.00",2024-04-03
759,HRL,2024040305001448,56,44,400.00,599.10,"239,640.00",2024-04-03
760,HRL,2024040305001449,58,44,72.00,599.00,"43,128.00",2024-04-03
761,HRL,2024040305001450,10,44,200.00,599.00,"119,800.00",2024-04-03
762,HRL,2024040305001466,57,57,30.00,598.10,"17,943.00",2024-04-03
763,HRL,2024040305001468,57,47,10.00,598.10,"5,981.00",2024-04-03
764,HRL,2024040305001469,57,38,10.00,598.10,"5,981.00",2024-04-03
765,HRL,2024040305001470,42,38,30.00,598.00,"17,940.00",2024-04-03
766,HRL,2024040305001473,50,21,20.00,598.00,"11,960.00",2024-04-03
767,HRL,2024040305001474,50,59,30.00,598.00,"17,940.00",2024-04-03
768,HRL,2024040305001476,50,49,10.00,598.00,"5,980.00",2024-04-03
769,HRL,2024040305001477,42,38,10.00,598.10,"5,981.00",2024-04-03
770,HRL,2024040305001481,49,38,10.00,598.10,"5,981.00",2024-04-03
771,HRL,2024040305001482,22,43,18.00,599.00,"10,782.00",2024-04-03
772,HRL,2024040305001488,49,36,10.00,598.10,"5,981.00",2024-04-03
773,HRL,2024040305001489,8,59,30.00,598.20,"17,946.00",2024-04-03
774,HRL,2024040305001496,21,34,30.00,598.20,"17,946.00",2024-04-03
775,HRL,2024040305001500,49,59,30.00,598.10,"17,943.00",2024-04-03
776,HRL,2024040305001502,49,3,10.00,598.10,"5,981.00",2024-04-03
777,HRL,2024040305001503,49,36,10.00,598.10,"5,981.00",2024-04-03
778,HRL,2024040305001514,49,43,10.00,598.10,"5,981.00",2024-04-03
779,HRL,2024040305001516,49,13,10.00,598.10,"5,981.00",2024-04-03
780,HRL,2024040305001521,49,36,10.00,598.10,"5,981.00",2024-04-03
781,HRL,2024040305001524,49,34,10.00,598.10,"5,981.00",2024-04-03
782,HRL,2024040305001525,49,42,10.00,598.10,"5,981.00",2024-04-03
783,HRL,2024040305001526,13,52,10.00,599.00,"5,990.00",2024-04-03
784,HRL,2024040305001527,13,58,10.00,599.00,"5,990.00",2024-04-03
785,HRL,2024040305001540,57,56,40.00,598.20,"23,928.00",2024-04-03
786,HRL,2024040305001544,8,37,10.00,599.00,"5,990.00",2024-04-03
787,HRL,2024040305001545,8,48,20.00,599.00,"11,980.00",2024-04-03
788,HRL,2024040305001546,8,14,20.00,599.00,"11,980.00",2024-04-03
789,HRL,2024040305001547,8,43,100.00,599.00,"59,900.00",2024-04-03
790,HRL,2024040305001548,8,14,20.00,599.00,"11,980.00",2024-04-03
791,HRL,2024040305001549,8,91,20.00,599.00,"11,980.00",2024-04-03
792,HRL,2024040305001550,8,21,20.00,599.00,"11,980.00",2024-04-03
793,HRL,2024040305001551,8,57,100.00,599.90,"59,990.00",2024-04-03
794,HRL,2024040305001552,8,58,20.00,600.00,"12,000.00",2024-04-03
795,HRL,2024040305001553,8,57,20.00,600.00,"12,000.00",2024-04-03
796,HRL,2024040305001554,8,29,10.00,600.00,"6,000.00",2024-04-03
797,HRL,2024040305001555,8,58,10.00,600.00,"6,000.00",2024-04-03
798,HRL,2024040305001556,8,57,20.00,600.00,"12,000.00",2024-04-03
799,HRL,2024040305001557,8,28,10.00,600.00,"6,000.00",2024-04-03
800,HRL,2024040305001558,8,49,20.00,600.00,"12,000.00",2024-04-03
801,HRL,2024040305001559,8,51,10.00,600.00,"6,000.00",2024-04-03
802,HRL,2024040305001560,8,37,50.00,600.00,"30,000.00",2024-04-03
803,HRL,2024040305001561,8,57,10.00,600.00,"6,000.00",2024-04-03
804,HRL,2024040305001562,8,58,10.00,600.00,"6,000.00",2024-04-03
805,HRL,2024040305001563,8,35,10.00,600.00,"6,000.00",2024-04-03
806,HRL,2024040305001564,8,49,10.00,600.00,"6,000.00",2024-04-03
807,HRL,2024040305001565,8,57,20.00,600.00,"12,000.00",2024-04-03
808,HRL,2024040305001566,8,49,10.00,600.00,"6,000.00",2024-04-03
809,HRL,2024040305001567,8,34,30.00,600.00,"18,000.00",2024-04-03
810,HRL,2024040305001570,57,59,30.00,598.20,"17,946.00",2024-04-03
811,HRL,2024040305001575,57,49,10.00,598.20,"5,982.00",2024-04-03
812,HRL,2024040305001576,57,38,20.00,598.20,"11,964.00",2024-04-03
813,HRL,2024040305001580,49,49,10.00,598.30,"5,983.00",2024-04-03
814,HRL,2024040305001594,49,39,100.00,598.30,"59,830.00",2024-04-03
815,HRL,2024040305001595,49,49,10.00,598.30,"5,983.00",2024-04-03
816,HRL,2024040305001598,22,28,20.00,599.00,"11,980.00",2024-04-03
817,HRL,2024040305001599,49,52,30.00,598.30,"17,949.00",2024-04-03
818,HRL,2024040305001600,49,58,20.00,598.30,"11,966.00",2024-04-03
819,HRL,2024040305001603,49,55,20.00,598.30,"11,966.00",2024-04-03
820,HRL,2024040305001605,49,6,10.00,598.30,"5,983.00",2024-04-03
821,HRL,2024040305001606,34,21,10.00,598.30,"5,983.00",2024-04-03
822,HRL,2024040305001607,34,57,10.00,598.30,"5,983.00",2024-04-03
823,HRL,2024040305001630,57,50,20.00,598.20,"11,964.00",2024-04-03
824,HRL,2024040305001631,49,91,130.00,598.30,"77,779.00",2024-04-03
825,HRL,2024040305001636,61,58,10.00,598.40,"5,984.00",2024-04-03
826,HRL,2024040305001641,61,58,10.00,598.40,"5,984.00",2024-04-03
827,HRL,2024040305001642,61,41,10.00,598.40,"5,984.00",2024-04-03
828,HRL,2024040305001646,61,17,10.00,598.40,"5,984.00",2024-04-03
829,HRL,2024040305001647,49,58,10.00,598.30,"5,983.00",2024-04-03
830,HRL,2024040305001648,49,55,20.00,598.30,"11,966.00",2024-04-03
831,HRL,2024040305001651,49,47,10.00,598.30,"5,983.00",2024-04-03
832,HRL,2024040305001654,49,35,10.00,598.30,"5,983.00",2024-04-03
833,HRL,2024040305001657,13,34,10.00,599.00,"5,990.00",2024-04-03
834,HRL,2024040305001665,49,57,20.00,598.30,"11,966.00",2024-04-03
835,HRL,2024040305001670,57,6,10.00,598.20,"5,982.00",2024-04-03
836,HRL,2024040305001671,41,38,20.00,598.30,"11,966.00",2024-04-03
837,HRL,2024040305001673,41,47,10.00,598.30,"5,983.00",2024-04-03
838,HRL,2024040305001674,41,56,10.00,598.30,"5,983.00",2024-04-03
839,HRL,2024040305001675,41,11,10.00,598.30,"5,983.00",2024-04-03
840,HRL,2024040305001683,41,50,20.00,598.30,"11,966.00",2024-04-03
841,HRL,2024040305001687,41,39,10.00,598.30,"5,983.00",2024-04-03
842,HRL,2024040305001688,41,17,20.00,598.30,"11,966.00",2024-04-03
843,HRL,2024040305001689,57,38,10.00,598.20,"5,982.00",2024-04-03
844,HRL,2024040305001690,57,35,10.00,598.20,"5,982.00",2024-04-03
845,HRL,2024040305001693,57,58,10.00,598.20,"5,982.00",2024-04-03
846,HRL,2024040305001694,32,38,10.00,598.50,"5,985.00",2024-04-03
847,HRL,2024040305001695,32,26,10.00,599.00,"5,990.00",2024-04-03
848,HRL,2024040305001696,32,54,10.00,599.00,"5,990.00",2024-04-03
849,HRL,2024040305001697,32,58,20.00,599.00,"11,980.00",2024-04-03
850,HRL,2024040305001698,32,38,10.00,599.00,"5,990.00",2024-04-03
851,HRL,2024040305001699,32,58,10.00,599.00,"5,990.00",2024-04-03
852,HRL,2024040305001701,32,49,10.00,599.00,"5,990.00",2024-04-03
853,HRL,2024040305001702,32,42,20.00,599.00,"11,980.00",2024-04-03
854,HRL,2024040305001706,32,57,10.00,599.00,"5,990.00",2024-04-03
855,HRL,2024040305001710,32,1,20.00,599.00,"11,980.00",2024-04-03
856,HRL,2024040305001713,32,6,20.00,599.00,"11,980.00",2024-04-03
857,HRL,2024040305001718,32,38,20.00,599.00,"11,980.00",2024-04-03
858,HRL,2024040305001719,32,34,30.00,599.00,"17,970.00",2024-04-03
859,HRL,2024040305001724,41,49,10.00,598.30,"5,983.00",2024-04-03
860,HRL,2024040305001725,41,7,10.00,598.30,"5,983.00",2024-04-03
861,HRL,2024040305001729,41,25,10.00,598.30,"5,983.00",2024-04-03
862,HRL,2024040305001733,41,58,10.00,598.30,"5,983.00",2024-04-03
863,HRL,2024040305001734,41,58,10.00,598.30,"5,983.00",2024-04-03
864,HRL,2024040305001735,41,38,10.00,598.30,"5,983.00",2024-04-03
865,HRL,2024040305001736,41,58,10.00,598.30,"5,983.00",2024-04-03
866,HRL,2024040305001737,41,49,20.00,598.30,"11,966.00",2024-04-03
867,HRL,2024040305001738,41,38,10.00,598.30,"5,983.00",2024-04-03
868,HRL,2024040305001739,41,38,490.00,598.30,"293,167.00",2024-04-03
869,HRL,2024040305001742,41,25,200.00,598.30,"119,660.00",2024-04-03
870,HRL,2024040305001745,41,21,30.00,598.30,"17,949.00",2024-04-03
871,HRL,2024040305001748,41,29,20.00,598.30,"11,966.00",2024-04-03
872,HRL,2024040305001750,41,17,20.00,598.30,"11,966.00",2024-04-03
873,HRL,2024040305001751,41,34,10.00,598.30,"5,983.00",2024-04-03
874,HRL,2024040305001752,57,17,20.00,598.20,"11,964.00",2024-04-03
875,HRL,2024040305001754,57,34,30.00,598.20,"17,946.00",2024-04-03
876,HRL,2024040305001755,57,17,20.00,598.20,"11,964.00",2024-04-03
877,HRL,2024040305001756,57,42,20.00,598.20,"11,964.00",2024-04-03
878,HRL,2024040305001760,49,38,10.00,598.10,"5,981.00",2024-04-03
879,HRL,2024040305001762,49,38,10.00,598.10,"5,981.00",2024-04-03
880,HRL,2024040305001764,49,34,30.00,598.10,"17,943.00",2024-04-03
881,HRL,2024040305001765,49,54,20.00,598.10,"11,962.00",2024-04-03
882,HRL,2024040305001766,20,55,20.00,598.20,"11,964.00",2024-04-03
883,HRL,2024040305001768,63,42,155.00,598.20,"92,721.00",2024-04-03
884,HRL,2024040305001769,49,42,10.00,598.10,"5,981.00",2024-04-03
885,HRL,2024040305001770,61,42,63.00,598.10,"37,680.30",2024-04-03
886,HRL,2024040305001772,50,41,10.00,598.00,"5,980.00",2024-04-03
887,HRL,2024040305001773,50,19,30.00,598.00,"17,940.00",2024-04-03
888,HRL,2024040305001774,45,19,25.00,598.00,"14,950.00",2024-04-03
889,HRL,2024040305001775,21,34,30.00,598.10,"17,943.00",2024-04-03
890,HRL,2024040305001776,55,56,20.00,598.00,"11,960.00",2024-04-03
891,HRL,2024040305001777,55,56,10.00,598.00,"5,980.00",2024-04-03
892,HRL,2024040305001798,55,57,10.00,598.00,"5,980.00",2024-04-03
893,HRL,2024040305001801,21,29,40.00,598.20,"23,928.00",2024-04-03
894,HRL,2024040305001802,21,57,10.00,598.20,"5,982.00",2024-04-03
895,HRL,2024040305001803,55,36,20.00,598.00,"11,960.00",2024-04-03
896,HRL,2024040305001804,55,34,30.00,598.00,"17,940.00",2024-04-03
897,HRL,2024040305001805,26,52,20.00,598.10,"11,962.00",2024-04-03
898,HRL,2024040305001806,26,25,10.00,598.10,"5,981.00",2024-04-03
899,HRL,2024040305001808,26,58,10.00,598.10,"5,981.00",2024-04-03
900,HRL,2024040305001812,26,37,10.00,598.10,"5,981.00",2024-04-03
901,HRL,2024040305001813,26,6,10.00,598.10,"5,981.00",2024-04-03
902,HRL,2024040305001814,26,38,10.00,598.10,"5,981.00",2024-04-03
903,HRL,2024040305001816,26,47,10.00,598.10,"5,981.00",2024-04-03
904,HRL,2024040305001818,26,35,10.00,598.10,"5,981.00",2024-04-03
905,HRL,2024040305001820,26,38,10.00,598.10,"5,981.00",2024-04-03
906,HRL,2024040305001823,21,34,30.00,598.10,"17,943.00",2024-04-03
907,HRL,2024040305001824,55,38,10.00,598.00,"5,980.00",2024-04-03
908,HRL,2024040305001827,55,36,30.00,598.00,"17,940.00",2024-04-03
909,HRL,2024040305001828,22,34,10.00,598.20,"5,982.00",2024-04-03
910,HRL,2024040305001829,22,34,20.00,598.30,"11,966.00",2024-04-03
911,HRL,2024040305001831,21,38,10.00,598.10,"5,981.00",2024-04-03
912,HRL,2024040305001834,21,56,10.00,598.10,"5,981.00",2024-04-03
913,HRL,2024040305001838,13,34,20.00,599.00,"11,980.00",2024-04-03
914,HRL,2024040305001840,21,57,20.00,598.10,"11,962.00",2024-04-03
915,HRL,2024040305001841,55,35,10.00,598.00,"5,980.00",2024-04-03
916,HRL,2024040305001842,55,40,260.00,598.00,"155,480.00",2024-04-03
917,HRL,2024040305001843,7,40,60.00,598.00,"35,880.00",2024-04-03
918,HRL,2024040305001844,41,40,25.00,598.00,"14,950.00",2024-04-03
919,HRL,2024040305001845,4,40,10.00,598.00,"5,980.00",2024-04-03
920,HRL,2024040305001846,4,52,10.00,598.00,"5,980.00",2024-04-03
921,HRL,2024040305001847,4,17,10.00,598.00,"5,980.00",2024-04-03
922,HRL,2024040305001848,4,57,10.00,598.00,"5,980.00",2024-04-03
923,HRL,2024040305001849,4,38,10.00,598.00,"5,980.00",2024-04-03
924,HRL,2024040305001861,21,57,80.00,598.10,"47,848.00",2024-04-03
925,HRL,2024040305001862,4,1,10.00,598.00,"5,980.00",2024-04-03
926,HRL,2024040305001865,4,52,10.00,598.00,"5,980.00",2024-04-03
927,HRL,2024040305001868,21,6,20.00,598.10,"11,962.00",2024-04-03
928,HRL,2024040305001870,4,57,30.00,598.00,"17,940.00",2024-04-03
929,HRL,2024040305001872,33,35,10.00,598.00,"5,980.00",2024-04-03
930,HRL,2024040305001876,33,52,10.00,598.00,"5,980.00",2024-04-03
931,HRL,2024040305001881,33,34,30.00,598.00,"17,940.00",2024-04-03
932,HRL,2024040305001886,33,58,10.00,598.00,"5,980.00",2024-04-03
933,HRL,2024040305001887,33,54,10.00,598.00,"5,980.00",2024-04-03
934,HRL,2024040305001890,33,41,10.00,598.00,"5,980.00",2024-04-03
935,HRL,2024040305001892,33,58,10.00,598.00,"5,980.00",2024-04-03
936,HRL,2024040305001902,33,35,30.00,598.00,"17,940.00",2024-04-03
937,HRL,2024040305001905,33,72,20.00,598.00,"11,960.00",2024-04-03
938,HRL,2024040305001906,21,58,10.00,598.10,"5,981.00",2024-04-03
939,HRL,2024040305001907,21,45,120.00,598.10,"71,772.00",2024-04-03
940,HRL,2024040305001909,33,34,10.00,598.00,"5,980.00",2024-04-03
941,HRL,2024040305001911,33,38,30.00,598.00,"17,940.00",2024-04-03
942,HRL,2024040305001913,33,58,10.00,598.00,"5,980.00",2024-04-03
943,HRL,2024040305001917,33,52,10.00,598.00,"5,980.00",2024-04-03
944,HRL,2024040305001918,33,28,10.00,598.00,"5,980.00",2024-04-03
945,HRL,2024040305001919,33,34,10.00,598.00,"5,980.00",2024-04-03
946,HRL,2024040305001921,33,38,10.00,598.00,"5,980.00",2024-04-03
947,HRL,2024040305001926,33,42,20.00,598.00,"11,960.00",2024-04-03
948,HRL,2024040305001927,33,17,30.00,598.00,"17,940.00",2024-04-03
949,HRL,2024040305001928,33,49,10.00,598.00,"5,980.00",2024-04-03
950,HRL,2024040305001929,33,57,20.00,598.00,"11,960.00",2024-04-03
951,HRL,2024040305001930,33,28,10.00,598.00,"5,980.00",2024-04-03
952,HRL,2024040305001932,33,48,30.00,598.00,"17,940.00",2024-04-03
953,HRL,2024040305001933,33,11,10.00,598.00,"5,980.00",2024-04-03
954,HRL,2024040305001936,33,38,10.00,598.00,"5,980.00",2024-04-03
955,HRL,2024040305001938,33,49,10.00,598.00,"5,980.00",2024-04-03
956,HRL,2024040305001939,33,38,10.00,598.00,"5,980.00",2024-04-03
957,HRL,2024040305001942,33,45,20.00,598.00,"11,960.00",2024-04-03
958,HRL,2024040305001946,55,6,10.00,598.10,"5,981.00",2024-04-03
959,HRL,2024040305001947,55,52,10.00,598.10,"5,981.00",2024-04-03
960,HRL,2024040305001949,55,29,10.00,598.10,"5,981.00",2024-04-03
961,HRL,2024040305001952,55,7,10.00,598.10,"5,981.00",2024-04-03
962,HRL,2024040305001953,55,45,10.00,598.10,"5,981.00",2024-04-03
963,HRL,2024040305001954,55,51,10.00,598.10,"5,981.00",2024-04-03
964,HRL,2024040305001955,55,28,20.00,598.10,"11,962.00",2024-04-03
965,HRL,2024040305001964,55,29,10.00,598.10,"5,981.00",2024-04-03
966,HRL,2024040305001969,55,35,10.00,598.10,"5,981.00",2024-04-03
967,HRL,2024040305001970,33,51,10.00,598.00,"5,980.00",2024-04-03
968,HRL,2024040305001971,33,60,10.00,598.00,"5,980.00",2024-04-03
969,HRL,2024040305001972,33,52,10.00,598.00,"5,980.00",2024-04-03
970,HRL,2024040305001973,33,59,20.00,598.00,"11,960.00",2024-04-03
971,HRL,2024040305001982,33,58,20.00,598.00,"11,960.00",2024-04-03
972,HRL,2024040305001983,33,49,20.00,598.00,"11,960.00",2024-04-03
973,HRL,2024040305001987,59,44,100.00,598.10,"59,810.00",2024-04-03
974,HRL,2024040305001988,1,44,10.00,598.00,"5,980.00",2024-04-03
975,HRL,2024040305001989,19,44,200.00,598.00,"119,600.00",2024-04-03
976,HRL,2024040305001990,19,44,30.00,598.00,"17,940.00",2024-04-03
977,HRL,2024040305001991,22,44,20.00,598.00,"11,960.00",2024-04-03
978,HRL,2024040305001992,44,44,470.00,598.00,"281,060.00",2024-04-03
979,HRL,2024040305001993,45,44,100.00,598.00,"59,800.00",2024-04-03
980,HRL,2024040305001994,13,44,100.00,598.00,"59,800.00",2024-04-03
981,HRL,2024040305001998,42,38,20.00,597.80,"11,956.00",2024-04-03
982,HRL,2024040305001999,42,17,10.00,597.80,"5,978.00",2024-04-03
983,HRL,2024040305002000,42,21,10.00,597.80,"5,978.00",2024-04-03
984,HRL,2024040305002004,42,61,10.00,597.80,"5,978.00",2024-04-03
985,HRL,2024040305002015,42,61,10.00,597.80,"5,978.00",2024-04-03
986,HRL,2024040305002018,42,38,10.00,597.80,"5,978.00",2024-04-03
987,HRL,2024040305002024,42,33,30.00,597.80,"17,934.00",2024-04-03
988,HRL,2024040305002025,21,32,25.00,598.00,"14,950.00",2024-04-03
989,HRL,2024040305002031,42,55,20.00,597.80,"11,956.00",2024-04-03
990,HRL,2024040305002033,42,72,20.00,597.80,"11,956.00",2024-04-03
991,HRL,2024040305002047,42,25,10.00,597.80,"5,978.00",2024-04-03
992,HRL,2024040305002048,42,38,10.00,597.80,"5,978.00",2024-04-03
993,HRL,2024040305002049,42,44,10.00,597.80,"5,978.00",2024-04-03
994,HRL,2024040305002053,42,21,10.00,597.80,"5,978.00",2024-04-03
995,HRL,2024040305002055,42,36,10.00,597.80,"5,978.00",2024-04-03
996,HRL,2024040305002057,42,58,10.00,597.80,"5,978.00",2024-04-03
997,HRL,2024040305002073,42,8,10.00,597.80,"5,978.00",2024-04-03
998,HRL,2024040305002074,42,38,10.00,597.80,"5,978.00",2024-04-03
999,HRL,2024040305002075,42,38,30.00,597.80,"17,934.00",2024-04-03
1000,HRL,2024040305002078,21,32,25.00,598.00,"14,950.00",2024-04-03
1001,HRL,2024040305002079,21,35,10.00,598.00,"5,980.00",2024-04-03
1002,HRL,2024040305002080,21,49,10.00,598.00,"5,980.00",2024-04-03
1003,HRL,2024040305002081,21,58,10.00,598.00,"5,980.00",2024-04-03
1004,HRL,2024040305002082,42,38,10.00,597.80,"5,978.00",2024-04-03
1005,HRL,2024040305002084,42,58,10.00,597.80,"5,978.00",2024-04-03
1006,HRL,2024040305002085,42,6,30.00,597.80,"17,934.00",2024-04-03
1007,HRL,2024040305002086,21,35,10.00,598.00,"5,980.00",2024-04-03
1008,HRL,2024040305002087,21,38,10.00,598.00,"5,980.00",2024-04-03
1009,HRL,2024040305002088,42,19,10.00,597.80,"5,978.00",2024-04-03
1010,HRL,2024040305002089,42,38,20.00,597.80,"11,956.00",2024-04-03
1011,HRL,2024040305002091,42,47,10.00,597.80,"5,978.00",2024-04-03
1012,HRL,2024040305002095,42,47,20.00,597.80,"11,956.00",2024-04-03
1013,HRL,2024040305002097,42,34,10.00,597.80,"5,978.00",2024-04-03
1014,HRL,2024040305002099,42,38,10.00,597.80,"5,978.00",2024-04-03
1015,HRL,2024040305002100,42,47,20.00,597.80,"11,956.00",2024-04-03
1016,HRL,2024040305002101,42,58,10.00,597.80,"5,978.00",2024-04-03
1017,HRL,2024040305002102,42,42,20.00,597.80,"11,956.00",2024-04-03
1018,HRL,2024040305002103,42,36,10.00,597.80,"5,978.00",2024-04-03
1019,HRL,2024040305002105,42,47,20.00,597.80,"11,956.00",2024-04-03
1020,HRL,2024040305002108,42,47,20.00,597.80,"11,956.00",2024-04-03
1021,HRL,2024040305002110,51,74,10.00,598.10,"5,981.00",2024-04-03
1022,HRL,2024040305002114,51,21,10.00,598.10,"5,981.00",2024-04-03
1023,HRL,2024040305002115,51,64,10.00,598.10,"5,981.00",2024-04-03
1024,HRL,2024040305002123,4,38,200.00,598.00,"119,600.00",2024-04-03
1025,HRL,2024040305002124,42,38,20.00,597.80,"11,956.00",2024-04-03
1026,HRL,2024040305002125,1,38,500.00,597.30,"298,650.00",2024-04-03
1027,HRL,2024040305002126,49,38,280.00,597.20,"167,216.00",2024-04-03
1028,HRL,2024040305002127,4,54,50.00,598.00,"29,900.00",2024-04-03
1029,HRL,2024040305002128,49,38,10.00,597.20,"5,972.00",2024-04-03
1030,HRL,2024040305002133,49,67,20.00,597.20,"11,944.00",2024-04-03
1031,HRL,2024040305002139,49,19,10.00,597.20,"5,972.00",2024-04-03
1032,HRL,2024040305002142,49,35,20.00,597.20,"11,944.00",2024-04-03
1033,HRL,2024040305002144,49,54,60.00,597.20,"35,832.00",2024-04-03
1034,HRL,2024040305002145,49,38,30.00,597.20,"17,916.00",2024-04-03
1035,HRL,2024040305002147,49,38,125.00,597.20,"74,650.00",2024-04-03
1036,HRL,2024040305002149,49,34,30.00,597.20,"17,916.00",2024-04-03
1037,HRL,2024040305002150,49,6,10.00,597.20,"5,972.00",2024-04-03
1038,HRL,2024040305002151,49,49,20.00,597.20,"11,944.00",2024-04-03
1039,HRL,2024040305002158,49,32,10.00,597.20,"5,972.00",2024-04-03
1040,HRL,2024040305002159,49,7,10.00,597.20,"5,972.00",2024-04-03
1041,HRL,2024040305002161,49,49,10.00,597.20,"5,972.00",2024-04-03
1042,HRL,2024040305002162,49,48,20.00,597.20,"11,944.00",2024-04-03
1043,HRL,2024040305002163,49,7,20.00,597.20,"11,944.00",2024-04-03
1044,HRL,2024040305002164,49,36,10.00,597.20,"5,972.00",2024-04-03
1045,HRL,2024040305002166,49,38,20.00,597.20,"11,944.00",2024-04-03
1046,HRL,2024040305002167,49,43,10.00,597.20,"5,972.00",2024-04-03
1047,HRL,2024040305002170,49,40,10.00,597.20,"5,972.00",2024-04-03
1048,HRL,2024040305002172,49,19,10.00,597.20,"5,972.00",2024-04-03
1049,HRL,2024040305002178,49,43,20.00,597.20,"11,944.00",2024-04-03
1050,HRL,2024040305002188,49,16,10.00,597.20,"5,972.00",2024-04-03
1051,HRL,2024040305002190,49,58,20.00,597.20,"11,944.00",2024-04-03
1052,HRL,2024040305002192,49,42,20.00,597.20,"11,944.00",2024-04-03
1053,HRL,2024040305002193,49,4,20.00,597.20,"11,944.00",2024-04-03
1054,HRL,2024040305002194,49,42,10.00,597.20,"5,972.00",2024-04-03
1055,HRL,2024040305002197,49,91,150.00,597.20,"89,580.00",2024-04-03
1056,HRL,2024040305002200,36,49,10.00,597.00,"5,970.00",2024-04-03
1057,HRL,2024040305002203,36,58,10.00,597.00,"5,970.00",2024-04-03
1058,HRL,2024040305002207,36,58,10.00,597.00,"5,970.00",2024-04-03
1059,HRL,2024040305002208,51,58,40.00,597.00,"23,880.00",2024-04-03
1060,HRL,2024040305002209,49,58,30.00,597.00,"17,910.00",2024-04-03
1061,HRL,2024040305002210,7,58,30.00,597.00,"17,910.00",2024-04-03
1062,HRL,2024040305002211,38,58,30.00,597.00,"17,910.00",2024-04-03
1063,HRL,2024040305002212,55,58,50.00,597.00,"29,850.00",2024-04-03
1064,HRL,2024040305002213,49,58,310.00,597.00,"185,070.00",2024-04-03
1065,HRL,2024040305002214,49,65,140.00,597.00,"83,580.00",2024-04-03
1066,HRL,2024040305002215,22,65,30.00,596.10,"17,883.00",2024-04-03
1067,HRL,2024040305002216,59,65,50.00,596.00,"29,800.00",2024-04-03
1068,HRL,2024040305002217,52,65,80.00,596.00,"47,680.00",2024-04-03
1069,HRL,2024040305002218,46,65,60.00,596.00,"35,760.00",2024-04-03
1070,HRL,2024040305002219,46,65,40.00,596.00,"23,840.00",2024-04-03
1071,HRL,2024040305002220,17,65,10.00,596.00,"5,960.00",2024-04-03
1072,HRL,2024040305002221,38,65,30.00,596.00,"17,880.00",2024-04-03
1073,HRL,2024040305002222,72,65,150.00,596.00,"89,400.00",2024-04-03
1074,HRL,2024040305002223,58,65,100.00,596.00,"59,600.00",2024-04-03
1075,HRL,2024040305002224,26,65,10.00,596.00,"5,960.00",2024-04-03
1076,HRL,2024040305002225,41,65,170.00,596.00,"101,320.00",2024-04-03
1077,HRL,2024040305002228,41,21,10.00,596.00,"5,960.00",2024-04-03
1078,HRL,2024040305002232,41,43,20.00,596.00,"11,920.00",2024-04-03
1079,HRL,2024040305002245,49,48,30.00,596.00,"17,880.00",2024-04-03
1080,HRL,2024040305002247,49,45,20.00,596.00,"11,920.00",2024-04-03
1081,HRL,2024040305002248,22,45,10.00,596.00,"5,960.00",2024-04-03
1082,HRL,2024040305002249,22,47,10.00,596.00,"5,960.00",2024-04-03
1083,HRL,2024040305002250,22,38,30.00,596.00,"17,880.00",2024-04-03
1084,HRL,2024040305002251,22,58,20.00,596.00,"11,920.00",2024-04-03
1085,HRL,2024040305002257,22,44,20.00,596.00,"11,920.00",2024-04-03
1086,HRL,2024040305002259,22,38,10.00,596.00,"5,960.00",2024-04-03
1087,HRL,2024040305002260,51,49,10.00,596.00,"5,960.00",2024-04-03
1088,HRL,2024040305002261,49,58,10.00,595.40,"5,954.00",2024-04-03
1089,HRL,2024040305002262,49,38,10.00,596.00,"5,960.00",2024-04-03
1090,HRL,2024040305002272,44,11,10.00,595.30,"5,953.00",2024-04-03
1091,HRL,2024040305002273,32,58,10.00,595.40,"5,954.00",2024-04-03
1092,HRL,2024040305002274,32,38,10.00,596.00,"5,960.00",2024-04-03
1093,HRL,2024040305002278,32,38,10.00,596.10,"5,961.00",2024-04-03
1094,HRL,2024040305002281,32,29,10.00,596.10,"5,961.00",2024-04-03
1095,HRL,2024040305002289,32,19,10.00,596.10,"5,961.00",2024-04-03
1096,HRL,2024040305002290,32,49,10.00,596.10,"5,961.00",2024-04-03
1097,HRL,2024040305002292,32,58,10.00,596.10,"5,961.00",2024-04-03
1098,HRL,2024040305002297,32,26,20.00,596.10,"11,922.00",2024-04-03
1099,HRL,2024040305002300,32,34,30.00,596.10,"17,883.00",2024-04-03
1100,HRL,2024040305002308,32,38,30.00,596.10,"17,883.00",2024-04-03
1101,HRL,2024040305002309,32,49,10.00,596.10,"5,961.00",2024-04-03
1102,HRL,2024040305002313,32,49,10.00,596.10,"5,961.00",2024-04-03
1103,HRL,2024040305002314,32,22,20.00,596.10,"11,922.00",2024-04-03
1104,HRL,2024040305002316,32,34,10.00,596.10,"5,961.00",2024-04-03
1105,HRL,2024040305002320,32,34,20.00,596.10,"11,922.00",2024-04-03
1106,HRL,2024040305002321,32,49,30.00,596.10,"17,883.00",2024-04-03
1107,HRL,2024040305002325,10,56,10.00,596.20,"5,962.00",2024-04-03
1108,HRL,2024040305002326,32,34,30.00,596.10,"17,883.00",2024-04-03
1109,HRL,2024040305002327,32,49,10.00,596.10,"5,961.00",2024-04-03
1110,HRL,2024040305002332,32,58,10.00,596.10,"5,961.00",2024-04-03
1111,HRL,2024040305002337,32,20,10.00,596.10,"5,961.00",2024-04-03
1112,HRL,2024040305002338,32,49,20.00,596.10,"11,922.00",2024-04-03
1113,HRL,2024040305002341,32,42,100.00,596.10,"59,610.00",2024-04-03
1114,HRL,2024040305002344,32,58,10.00,596.10,"5,961.00",2024-04-03
1115,HRL,2024040305002346,32,38,60.00,596.10,"35,766.00",2024-04-03
1116,HRL,2024040305002348,56,21,10.00,596.00,"5,960.00",2024-04-03
1117,HRL,2024040305002350,56,22,20.00,596.00,"11,920.00",2024-04-03
1118,HRL,2024040305002356,56,57,10.00,596.00,"5,960.00",2024-04-03
1119,HRL,2024040305002360,18,22,20.00,595.40,"11,908.00",2024-04-03
1120,HRL,2024040305002364,18,21,20.00,595.40,"11,908.00",2024-04-03
1121,HRL,2024040305002373,18,13,10.00,595.40,"5,954.00",2024-04-03
1122,HRL,2024040305002379,10,16,20.00,595.40,"11,908.00",2024-04-03
1123,HRL,2024040305002380,44,49,20.00,595.30,"11,906.00",2024-04-03
1124,HRL,2024040305002384,44,49,20.00,595.30,"11,906.00",2024-04-03
1125,HRL,2024040305002385,44,58,30.00,595.30,"17,859.00",2024-04-03
1126,HRL,2024040305002388,44,34,10.00,595.30,"5,953.00",2024-04-03
1127,HRL,2024040305002390,44,57,10.00,595.30,"5,953.00",2024-04-03
1128,HRL,2024040305002394,42,33,20.00,595.20,"11,904.00",2024-04-03
1129,HRL,2024040305002402,57,4,10.00,595.10,"5,951.00",2024-04-03
1130,HRL,2024040305002403,57,57,10.00,595.10,"5,951.00",2024-04-03
1131,HRL,2024040305002405,57,58,10.00,595.10,"5,951.00",2024-04-03
1132,HRL,2024040305002408,62,56,10.00,595.00,"5,950.00",2024-04-03
1133,HRL,2024040305002409,48,33,20.00,595.10,"11,902.00",2024-04-03
1134,HRL,2024040305002411,16,32,10.00,595.10,"5,951.00",2024-04-03
1135,HRL,2024040305002412,16,34,10.00,595.10,"5,951.00",2024-04-03
1136,HRL,2024040305002415,62,45,10.00,595.00,"5,950.00",2024-04-03
1137,HRL,2024040305002421,62,54,10.00,595.00,"5,950.00",2024-04-03
1138,HRL,2024040305002422,62,47,10.00,595.00,"5,950.00",2024-04-03
1139,HRL,2024040305002425,44,34,30.00,595.00,"17,850.00",2024-04-03
1140,HRL,2024040305002431,44,56,10.00,595.00,"5,950.00",2024-04-03
1141,HRL,2024040305002433,44,46,10.00,595.00,"5,950.00",2024-04-03
1142,HRL,2024040305002436,44,56,10.00,595.00,"5,950.00",2024-04-03
1143,HRL,2024040305002437,44,48,10.00,595.00,"5,950.00",2024-04-03
1144,HRL,2024040305002438,58,48,10.00,595.00,"5,950.00",2024-04-03
1145,HRL,2024040305002439,38,1,10.00,595.00,"5,950.00",2024-04-03
1146,HRL,2024040305002440,38,57,10.00,595.00,"5,950.00",2024-04-03
1147,HRL,2024040305002441,59,57,20.00,595.00,"11,900.00",2024-04-03
1148,HRL,2024040305002443,59,58,10.00,595.00,"5,950.00",2024-04-03
1149,HRL,2024040305002447,49,49,20.00,595.10,"11,902.00",2024-04-03
1150,HRL,2024040305002448,49,36,10.00,595.10,"5,951.00",2024-04-03
1151,HRL,2024040305002449,59,49,15.00,595.00,"8,925.00",2024-04-03
1152,HRL,2024040305002450,42,49,20.00,595.00,"11,900.00",2024-04-03
1153,HRL,2024040305002452,42,47,30.00,595.00,"17,850.00",2024-04-03
1154,HRL,2024040305002453,55,47,85.00,595.00,"50,575.00",2024-04-03
1155,HRL,2024040305002454,53,47,200.00,595.00,"119,000.00",2024-04-03
1156,HRL,2024040305002455,59,47,35.00,595.00,"20,825.00",2024-04-03
1157,HRL,2024040305002456,59,58,50.00,595.00,"29,750.00",2024-04-03
1158,HRL,2024040305002457,45,58,30.00,595.00,"17,850.00",2024-04-03
1159,HRL,2024040305002458,58,58,10.00,595.00,"5,950.00",2024-04-03
1160,HRL,2024040305002459,58,32,10.00,595.00,"5,950.00",2024-04-03
1161,HRL,2024040305002462,58,34,20.00,595.00,"11,900.00",2024-04-03
1162,HRL,2024040305002463,25,34,10.00,595.00,"5,950.00",2024-04-03
1163,HRL,2024040305002464,25,57,10.00,595.00,"5,950.00",2024-04-03
1164,HRL,2024040305002465,25,38,20.00,595.00,"11,900.00",2024-04-03
1165,HRL,2024040305002466,25,52,10.00,595.00,"5,950.00",2024-04-03
1166,HRL,2024040305002467,25,58,10.00,595.00,"5,950.00",2024-04-03
1167,HRL,2024040305002475,25,48,10.00,595.00,"5,950.00",2024-04-03
1168,HRL,2024040305002476,25,34,10.00,595.00,"5,950.00",2024-04-03
1169,HRL,2024040305002477,25,57,20.00,595.00,"11,900.00",2024-04-03
1170,HRL,2024040305002478,25,59,10.00,595.00,"5,950.00",2024-04-03
1171,HRL,2024040305002479,25,38,10.00,595.00,"5,950.00",2024-04-03
1172,HRL,2024040305002480,25,35,10.00,595.00,"5,950.00",2024-04-03
1173,HRL,2024040305002481,25,16,10.00,595.00,"5,950.00",2024-04-03
1174,HRL,2024040305002485,48,35,10.00,595.20,"5,952.00",2024-04-03
1175,HRL,2024040305002486,48,58,10.00,595.20,"5,952.00",2024-04-03
1176,HRL,2024040305002489,48,14,10.00,595.20,"5,952.00",2024-04-03
1177,HRL,2024040305002495,48,34,25.00,595.20,"14,880.00",2024-04-03
1178,HRL,2024040305002496,51,42,10.00,595.50,"5,955.00",2024-04-03
1179,HRL,2024040305002497,51,38,10.00,595.50,"5,955.00",2024-04-03
1180,HRL,2024040305002509,1,19,20.00,595.20,"11,904.00",2024-04-03
1181,HRL,2024040305002513,1,38,30.00,595.20,"17,856.00",2024-04-03
1182,HRL,2024040305002516,1,32,10.00,595.20,"5,952.00",2024-04-03
1183,HRL,2024040305002517,1,58,10.00,595.20,"5,952.00",2024-04-03
1184,HRL,2024040305002526,1,13,20.00,595.20,"11,904.00",2024-04-03
1185,HRL,2024040305002527,1,5,300.00,595.20,"178,560.00",2024-04-03
1186,HRL,2024040305002532,1,25,100.00,595.20,"59,520.00",2024-04-03
1187,HRL,2024040305002533,1,34,10.00,595.20,"5,952.00",2024-04-03
1188,HRL,2024040305002534,52,34,20.00,595.20,"11,904.00",2024-04-03
1189,HRL,2024040305002535,52,17,20.00,595.20,"11,904.00",2024-04-03
1190,HRL,2024040305002536,1,17,480.00,595.00,"285,600.00",2024-04-03
1191,HRL,2024040305002538,38,47,40.00,595.50,"23,820.00",2024-04-03
1192,HRL,2024040305002543,58,47,15.00,595.50,"8,932.50",2024-04-03
1193,HRL,2024040305002552,22,46,10.00,595.10,"5,951.00",2024-04-03
1194,HRL,2024040305002564,22,36,10.00,595.10,"5,951.00",2024-04-03
1195,HRL,2024040305002565,22,35,10.00,595.10,"5,951.00",2024-04-03
1196,HRL,2024040305002569,22,58,10.00,595.10,"5,951.00",2024-04-03
1197,HRL,2024040305002573,22,38,10.00,595.10,"5,951.00",2024-04-03
1198,HRL,2024040305002575,22,52,20.00,595.10,"11,902.00",2024-04-03
1199,HRL,2024040305002576,22,58,10.00,595.10,"5,951.00",2024-04-03
1200,HRL,2024040305002578,22,34,20.00,595.10,"11,902.00",2024-04-03
1201,HRL,2024040305002579,45,34,10.00,595.10,"5,951.00",2024-04-03
1202,HRL,2024040305002583,45,57,10.00,595.10,"5,951.00",2024-04-03
1203,HRL,2024040305002585,45,29,30.00,595.10,"17,853.00",2024-04-03
1204,HRL,2024040305002586,1,58,10.00,595.00,"5,950.00",2024-04-03
1205,HRL,2024040305002590,1,32,10.00,595.00,"5,950.00",2024-04-03
1206,HRL,2024040305002591,40,58,50.00,595.00,"29,750.00",2024-04-03
1207,HRL,2024040305002592,1,58,10.00,595.00,"5,950.00",2024-04-03
1208,HRL,2024040305002593,14,58,50.00,595.00,"29,750.00",2024-04-03
1209,HRL,2024040305002594,75,58,100.00,595.00,"59,500.00",2024-04-03
1210,HRL,2024040305002595,49,58,50.00,595.00,"29,750.00",2024-04-03
1211,HRL,2024040305002596,28,58,200.00,595.00,"119,000.00",2024-04-03
1212,HRL,2024040305002597,59,58,20.00,595.00,"11,900.00",2024-04-03
1213,HRL,2024040305002598,34,58,10.00,595.00,"5,950.00",2024-04-03
1214,HRL,2024040305002599,5,58,500.00,595.00,"297,500.00",2024-04-03
1215,HRL,2024040305002600,36,58,300.00,595.00,"178,500.00",2024-04-03
1216,HRL,2024040305002601,42,58,168.00,595.00,"99,960.00",2024-04-03
1217,HRL,2024040305002602,17,58,42.00,595.00,"24,990.00",2024-04-03
1218,HRL,2024040305002606,17,67,20.00,595.00,"11,900.00",2024-04-03
1219,HRL,2024040305002611,17,38,10.00,595.00,"5,950.00",2024-04-03
1220,HRL,2024040305002612,17,29,10.00,595.00,"5,950.00",2024-04-03
1221,HRL,2024040305002613,17,49,10.00,595.00,"5,950.00",2024-04-03
1222,HRL,2024040305002614,45,91,15.00,595.00,"8,925.00",2024-04-03
1223,HRL,2024040305002615,17,91,200.00,595.00,"119,000.00",2024-04-03
1224,HRL,2024040305002616,49,91,250.00,595.00,"148,750.00",2024-04-03
1225,HRL,2024040305002617,62,91,35.00,595.00,"20,825.00",2024-04-03
1226,HRL,2024040305002618,62,16,20.00,595.00,"11,900.00",2024-04-03
1227,HRL,2024040305002619,62,35,345.00,595.00,"205,275.00",2024-04-03
1228,HRL,2024040305002620,34,35,100.00,595.00,"59,500.00",2024-04-03
1229,HRL,2024040305002621,41,35,25.00,595.00,"14,875.00",2024-04-03
1230,HRL,2024040305002622,56,35,100.00,595.00,"59,500.00",2024-04-03
1231,HRL,2024040305002623,17,35,50.00,595.00,"29,750.00",2024-04-03
1232,HRL,2024040305002624,33,35,500.00,595.00,"297,500.00",2024-04-03
1233,HRL,2024040305002625,35,35,50.00,595.00,"29,750.00",2024-04-03
1234,HRL,2024040305002626,46,35,80.00,595.00,"47,600.00",2024-04-03
1235,HRL,2024040305002627,58,35,200.00,595.00,"119,000.00",2024-04-03
1236,HRL,2024040305002630,4,43,20.00,594.00,"11,880.00",2024-04-03
1237,HRL,2024040305002631,22,43,10.00,594.00,"5,940.00",2024-04-03
1238,HRL,2024040305002632,22,29,20.00,594.00,"11,880.00",2024-04-03
1239,HRL,2024040305002633,22,47,10.00,594.00,"5,940.00",2024-04-03
1240,HRL,2024040305002634,22,38,10.00,594.00,"5,940.00",2024-04-03
1241,HRL,2024040305002637,10,59,10.00,594.10,"5,941.00",2024-04-03
1242,HRL,2024040305002639,10,32,10.00,594.10,"5,941.00",2024-04-03
1243,HRL,2024040305002643,22,43,30.00,594.00,"17,820.00",2024-04-03
1244,HRL,2024040305002648,22,58,10.00,594.00,"5,940.00",2024-04-03
1245,HRL,2024040305002650,57,41,20.00,594.00,"11,880.00",2024-04-03
1246,HRL,2024040305002654,57,35,10.00,594.00,"5,940.00",2024-04-03
1247,HRL,2024040305002657,57,49,10.00,594.00,"5,940.00",2024-04-03
1248,HRL,2024040305002658,57,36,10.00,594.00,"5,940.00",2024-04-03
1249,HRL,2024040305002659,7,36,10.00,594.00,"5,940.00",2024-04-03
1250,HRL,2024040305002679,1,26,10.00,594.00,"5,940.00",2024-04-03
1251,HRL,2024040305002681,1,26,10.00,594.00,"5,940.00",2024-04-03
1252,HRL,2024040305002682,1,22,10.00,594.00,"5,940.00",2024-04-03
1253,HRL,2024040305002683,1,45,20.00,594.00,"11,880.00",2024-04-03
1254,HRL,2024040305002685,1,47,20.00,594.00,"11,880.00",2024-04-03
1255,HRL,2024040305002695,1,35,10.00,594.00,"5,940.00",2024-04-03
1256,HRL,2024040305002696,45,35,10.00,594.00,"5,940.00",2024-04-03
1257,HRL,2024040305002705,45,6,10.00,594.00,"5,940.00",2024-04-03
1258,HRL,2024040305002710,45,21,20.00,594.00,"11,880.00",2024-04-03
1259,HRL,2024040305002711,17,50,30.00,594.10,"17,823.00",2024-04-03
1260,HRL,2024040305002714,17,34,10.00,594.10,"5,941.00",2024-04-03
1261,HRL,2024040305002715,17,4,10.00,594.10,"5,941.00",2024-04-03
1262,HRL,2024040305002716,45,52,10.00,594.00,"5,940.00",2024-04-03
1263,HRL,2024040305002718,58,54,10.00,594.00,"5,940.00",2024-04-03
1264,HRL,2024040305002720,22,41,20.00,594.00,"11,880.00",2024-04-03
1265,HRL,2024040305002727,22,58,30.00,594.00,"17,820.00",2024-04-03
1266,HRL,2024040305002728,22,41,20.00,594.00,"11,880.00",2024-04-03
1267,HRL,2024040305002729,22,41,20.00,594.00,"11,880.00",2024-04-03
1268,HRL,2024040305002730,22,38,10.00,594.00,"5,940.00",2024-04-03
1269,HRL,2024040305002731,41,58,20.00,594.00,"11,880.00",2024-04-03
1270,HRL,2024040305002732,41,21,200.00,594.00,"118,800.00",2024-04-03
1271,HRL,2024040305002733,41,61,200.00,594.00,"118,800.00",2024-04-03
1272,HRL,2024040305002734,41,48,10.00,594.00,"5,940.00",2024-04-03
1273,HRL,2024040305002741,41,41,20.00,594.00,"11,880.00",2024-04-03
1274,HRL,2024040305002742,41,26,30.00,594.00,"17,820.00",2024-04-03
1275,HRL,2024040305002743,20,4,10.00,594.10,"5,941.00",2024-04-03
1276,HRL,2024040305002744,41,41,20.00,594.00,"11,880.00",2024-04-03
1277,HRL,2024040305002746,44,49,10.00,593.30,"5,933.00",2024-04-03
1278,HRL,2024040305002747,44,87,10.00,593.30,"5,933.00",2024-04-03
1279,HRL,2024040305002748,44,10,20.00,593.30,"11,866.00",2024-04-03
1280,HRL,2024040305002750,44,41,10.00,593.30,"5,933.00",2024-04-03
1281,HRL,2024040305002751,44,58,30.00,594.00,"17,820.00",2024-04-03
1282,HRL,2024040305002762,44,41,10.00,593.30,"5,933.00",2024-04-03
1283,HRL,2024040305002763,17,58,10.00,594.00,"5,940.00",2024-04-03
1284,HRL,2024040305002765,42,54,10.00,594.00,"5,940.00",2024-04-03
1285,HRL,2024040305002766,42,57,10.00,594.00,"5,940.00",2024-04-03
1286,HRL,2024040305002767,42,59,10.00,594.00,"5,940.00",2024-04-03
1287,HRL,2024040305002772,42,3,30.00,594.00,"17,820.00",2024-04-03
1288,HRL,2024040305002778,42,38,10.00,594.00,"5,940.00",2024-04-03
1289,HRL,2024040305002781,42,4,10.00,594.00,"5,940.00",2024-04-03
1290,HRL,2024040305002792,49,54,10.00,594.10,"5,941.00",2024-04-03
1291,HRL,2024040305002800,49,38,10.00,594.10,"5,941.00",2024-04-03
1292,HRL,2024040305002802,25,35,20.00,595.00,"11,900.00",2024-04-03
1293,HRL,2024040305002803,25,4,10.00,595.00,"5,950.00",2024-04-03
1294,HRL,2024040305002808,49,44,10.00,594.10,"5,941.00",2024-04-03
1295,HRL,2024040305002809,49,59,10.00,594.10,"5,941.00",2024-04-03
1296,HRL,2024040305002820,38,58,20.00,595.00,"11,900.00",2024-04-03
1297,HRL,2024040305002821,38,42,20.00,595.00,"11,900.00",2024-04-03
1298,HRL,2024040305002822,38,28,250.00,595.00,"148,750.00",2024-04-03
1299,HRL,2024040305002823,38,34,10.00,595.00,"5,950.00",2024-04-03
1300,HRL,2024040305002825,49,3,20.00,594.10,"11,882.00",2024-04-03
1301,HRL,2024040305002827,32,34,10.00,595.00,"5,950.00",2024-04-03
1302,HRL,2024040305002828,32,49,20.00,595.00,"11,900.00",2024-04-03
1303,HRL,2024040305002829,32,17,10.00,595.00,"5,950.00",2024-04-03
1304,HRL,2024040305002830,32,58,10.00,595.00,"5,950.00",2024-04-03
1305,HRL,2024040305002831,32,38,10.00,595.00,"5,950.00",2024-04-03
1306,HRL,2024040305002832,32,50,17.00,595.00,"10,115.00",2024-04-03
1307,HRL,2024040305002834,49,3,20.00,594.10,"11,882.00",2024-04-03
1308,HRL,2024040305002836,49,54,10.00,594.10,"5,941.00",2024-04-03
1309,HRL,2024040305002841,21,41,10.00,594.20,"5,942.00",2024-04-03
1310,HRL,2024040305002842,48,50,10.00,595.00,"5,950.00",2024-04-03
1311,HRL,2024040305002844,49,49,20.00,594.10,"11,882.00",2024-04-03
1312,HRL,2024040305002845,49,34,10.00,594.10,"5,941.00",2024-04-03
1313,HRL,2024040305002850,49,34,30.00,594.10,"17,823.00",2024-04-03
1314,HRL,2024040305002859,49,21,10.00,594.10,"5,941.00",2024-04-03
1315,HRL,2024040305002860,49,33,10.00,594.10,"5,941.00",2024-04-03
1316,HRL,2024040305002861,49,34,10.00,594.10,"5,941.00",2024-04-03
1317,HRL,2024040305002862,49,45,10.00,594.10,"5,941.00",2024-04-03
1318,HRL,2024040305002865,49,58,10.00,594.10,"5,941.00",2024-04-03
1319,HRL,2024040305002867,17,58,10.00,594.10,"5,941.00",2024-04-03
1320,HRL,2024040305002868,42,54,44.00,594.00,"26,136.00",2024-04-03
1321,HRL,2024040305002870,1,58,300.00,594.00,"178,200.00",2024-04-03
1322,HRL,2024040305002871,67,58,50.00,594.00,"29,700.00",2024-04-03
1323,HRL,2024040305002873,58,59,10.00,594.00,"5,940.00",2024-04-03
1324,HRL,2024040305002874,58,6,20.00,594.00,"11,880.00",2024-04-03
1325,HRL,2024040305002875,49,42,10.00,594.00,"5,940.00",2024-04-03
1326,HRL,2024040305002891,1,17,10.00,594.10,"5,941.00",2024-04-03
1327,HRL,2024040305002892,1,46,30.00,594.10,"17,823.00",2024-04-03
1328,HRL,2024040305002895,1,57,160.00,594.10,"95,056.00",2024-04-03
1329,HRL,2024040305002896,49,57,90.00,594.00,"53,460.00",2024-04-03
1330,HRL,2024040305002897,34,57,70.00,594.00,"41,580.00",2024-04-03
1331,HRL,2024040305002898,44,57,40.00,593.30,"23,732.00",2024-04-03
1332,HRL,2024040305002899,74,57,500.00,593.30,"296,650.00",2024-04-03
1333,HRL,2024040305002900,49,57,140.00,593.20,"83,048.00",2024-04-03
1334,HRL,2024040305002903,45,17,10.00,593.50,"5,935.00",2024-04-03
1335,HRL,2024040305002904,45,57,90.00,593.50,"53,415.00",2024-04-03
1336,HRL,2024040305002905,49,57,60.00,593.20,"35,592.00",2024-04-03
1337,HRL,2024040305002906,41,57,100.00,593.20,"59,320.00",2024-04-03
1338,HRL,2024040305002907,35,57,50.00,593.10,"29,655.00",2024-04-03
1339,HRL,2024040305002908,29,57,300.00,593.10,"177,930.00",2024-04-03
1340,HRL,2024040305002909,45,57,400.00,593.00,"237,200.00",2024-04-03
1341,HRL,2024040305002910,45,57,20.00,593.00,"11,860.00",2024-04-03
1342,HRL,2024040305002913,45,41,30.00,593.00,"17,790.00",2024-04-03
1343,HRL,2024040305002914,45,6,30.00,593.00,"17,790.00",2024-04-03
1344,HRL,2024040305002916,45,85,20.00,593.00,"11,860.00",2024-04-03
1345,HRL,2024040305002917,29,35,100.00,593.10,"59,310.00",2024-04-03
1346,HRL,2024040305002925,29,45,20.00,593.10,"11,862.00",2024-04-03
1347,HRL,2024040305002926,29,34,10.00,593.10,"5,931.00",2024-04-03
1348,HRL,2024040305002927,29,58,10.00,593.10,"5,931.00",2024-04-03
1349,HRL,2024040305002929,44,38,30.00,593.40,"17,802.00",2024-04-03
1350,HRL,2024040305002932,29,51,10.00,593.10,"5,931.00",2024-04-03
1351,HRL,2024040305002934,29,94,10.00,593.10,"5,931.00",2024-04-03
1352,HRL,2024040305002935,29,3,20.00,593.10,"11,862.00",2024-04-03
1353,HRL,2024040305002945,29,42,20.00,593.10,"11,862.00",2024-04-03
1354,HRL,2024040305002948,29,34,30.00,593.10,"17,793.00",2024-04-03
1355,HRL,2024040305002950,22,25,20.00,593.30,"11,866.00",2024-04-03
1356,HRL,2024040305002953,22,38,20.00,593.50,"11,870.00",2024-04-03
1357,HRL,2024040305002962,17,38,10.00,593.30,"5,933.00",2024-04-03
1358,HRL,2024040305002964,36,57,10.00,593.40,"5,934.00",2024-04-03
1359,HRL,2024040305002965,17,26,10.00,593.30,"5,933.00",2024-04-03
1360,HRL,2024040305002969,17,32,10.00,593.30,"5,933.00",2024-04-03
1361,HRL,2024040305002975,34,34,30.00,593.40,"17,802.00",2024-04-03
1362,HRL,2024040305002978,34,21,10.00,593.40,"5,934.00",2024-04-03
1363,HRL,2024040305002982,34,34,30.00,593.40,"17,802.00",2024-04-03
1364,HRL,2024040305002983,34,21,20.00,593.40,"11,868.00",2024-04-03
1365,HRL,2024040305002988,41,19,10.00,593.50,"5,935.00",2024-04-03
1366,HRL,2024040305002989,19,58,10.00,593.50,"5,935.00",2024-04-03
1367,HRL,2024040305002993,19,58,10.00,593.50,"5,935.00",2024-04-03
1368,HRL,2024040305002995,19,4,10.00,593.50,"5,935.00",2024-04-03
1369,HRL,2024040305003000,19,62,20.00,593.50,"11,870.00",2024-04-03
1370,HRL,2024040305003001,22,62,50.00,593.50,"29,675.00",2024-04-03
1371,HRL,2024040305003002,34,62,10.00,593.40,"5,934.00",2024-04-03
1372,HRL,2024040305003003,17,19,10.00,593.30,"5,933.00",2024-04-03
1373,HRL,2024040305003006,17,58,10.00,593.30,"5,933.00",2024-04-03
1374,HRL,2024040305003009,38,35,100.00,593.20,"59,320.00",2024-04-03
1375,HRL,2024040305003010,56,35,50.00,593.20,"29,660.00",2024-04-03
1376,HRL,2024040305003011,29,35,100.00,593.10,"59,310.00",2024-04-03
1377,HRL,2024040305003014,10,49,10.00,593.20,"5,932.00",2024-04-03
1378,HRL,2024040305003016,29,45,20.00,593.10,"11,862.00",2024-04-03
1379,HRL,2024040305003017,29,32,10.00,593.10,"5,931.00",2024-04-03
1380,HRL,2024040305003018,29,17,20.00,593.10,"11,862.00",2024-04-03
1381,HRL,2024040305003019,29,58,10.00,593.10,"5,931.00",2024-04-03
1382,HRL,2024040305003021,29,54,50.00,593.10,"29,655.00",2024-04-03
1383,HRL,2024040305003023,29,42,10.00,593.10,"5,931.00",2024-04-03
1384,HRL,2024040305003024,29,40,10.00,593.10,"5,931.00",2024-04-03
1385,HRL,2024040305003025,29,34,10.00,593.10,"5,931.00",2024-04-03
1386,HRL,2024040305003026,29,6,20.00,593.10,"11,862.00",2024-04-03
1387,HRL,2024040305003037,49,59,10.00,593.20,"5,932.00",2024-04-03
1388,HRL,2024040305003039,49,39,30.00,593.20,"17,796.00",2024-04-03
1389,HRL,2024040305003040,49,58,20.00,593.20,"11,864.00",2024-04-03
1390,HRL,2024040305003041,49,17,10.00,593.20,"5,932.00",2024-04-03
1391,HRL,2024040305003042,51,34,30.00,593.30,"17,799.00",2024-04-03
1392,HRL,2024040305003043,51,41,20.00,593.30,"11,866.00",2024-04-03
1393,HRL,2024040305003045,49,35,100.00,593.20,"59,320.00",2024-04-03
1394,HRL,2024040305003047,49,6,10.00,593.20,"5,932.00",2024-04-03
1395,HRL,2024040305003052,49,58,10.00,593.20,"5,932.00",2024-04-03
1396,HRL,2024040305003054,49,38,10.00,593.20,"5,932.00",2024-04-03
1397,HRL,2024040305003057,29,35,10.00,593.10,"5,931.00",2024-04-03
1398,HRL,2024040305003058,22,35,100.00,593.10,"59,310.00",2024-04-03
1399,HRL,2024040305003072,38,32,10.00,593.00,"5,930.00",2024-04-03
1400,HRL,2024040305003073,38,58,10.00,593.00,"5,930.00",2024-04-03
1401,HRL,2024040305003074,38,57,10.00,593.00,"5,930.00",2024-04-03
1402,HRL,2024040305003075,32,57,10.00,593.00,"5,930.00",2024-04-03
1403,HRL,2024040305003076,32,58,10.00,593.00,"5,930.00",2024-04-03
1404,HRL,2024040305003079,32,32,20.00,593.00,"11,860.00",2024-04-03
1405,HRL,2024040305003080,32,14,20.00,593.00,"11,860.00",2024-04-03
1406,HRL,2024040305003081,32,59,10.00,593.00,"5,930.00",2024-04-03
1407,HRL,2024040305003083,32,58,10.00,593.00,"5,930.00",2024-04-03
1408,HRL,2024040305003084,32,87,10.00,593.00,"5,930.00",2024-04-03
1409,HRL,2024040305003087,32,48,20.00,593.00,"11,860.00",2024-04-03
1410,HRL,2024040305003088,33,58,20.00,593.20,"11,864.00",2024-04-03
1411,HRL,2024040305003089,33,8,10.00,593.20,"5,932.00",2024-04-03
1412,HRL,2024040305003090,33,26,20.00,593.20,"11,864.00",2024-04-03
1413,HRL,2024040305003095,33,49,20.00,593.20,"11,864.00",2024-04-03
1414,HRL,2024040305003099,32,58,10.00,593.00,"5,930.00",2024-04-03
1415,HRL,2024040305003100,32,13,20.00,593.00,"11,860.00",2024-04-03
1416,HRL,2024040305003105,32,16,10.00,593.00,"5,930.00",2024-04-03
1417,HRL,2024040305003106,32,45,10.00,593.00,"5,930.00",2024-04-03
1418,HRL,2024040305003109,32,57,10.00,593.00,"5,930.00",2024-04-03
1419,HRL,2024040305003116,32,45,10.00,593.00,"5,930.00",2024-04-03
1420,HRL,2024040305003120,32,25,30.00,593.00,"17,790.00",2024-04-03
1421,HRL,2024040305003122,32,45,10.00,593.00,"5,930.00",2024-04-03
1422,HRL,2024040305003123,58,36,35.00,593.50,"20,772.50",2024-04-03
1423,HRL,2024040305003124,58,36,30.00,593.50,"17,805.00",2024-04-03
1424,HRL,2024040305003125,58,32,10.00,593.50,"5,935.00",2024-04-03
1425,HRL,2024040305003126,58,32,11.00,593.50,"6,528.50",2024-04-03
1426,HRL,2024040305003127,32,77,20.00,593.00,"11,860.00",2024-04-03
1427,HRL,2024040305003132,38,34,10.00,593.10,"5,931.00",2024-04-03
1428,HRL,2024040305003134,38,45,10.00,593.10,"5,931.00",2024-04-03
1429,HRL,2024040305003135,38,41,10.00,593.10,"5,931.00",2024-04-03
1430,HRL,2024040305003136,38,58,30.00,593.10,"17,793.00",2024-04-03
1431,HRL,2024040305003138,41,39,50.00,594.00,"29,700.00",2024-04-03
1432,HRL,2024040305003140,38,34,20.00,593.10,"11,862.00",2024-04-03
1433,HRL,2024040305003142,38,49,20.00,593.10,"11,862.00",2024-04-03
1434,HRL,2024040305003143,55,36,10.00,593.10,"5,931.00",2024-04-03
1435,HRL,2024040305003151,55,35,10.00,593.10,"5,931.00",2024-04-03
1436,HRL,2024040305003154,35,54,10.00,593.20,"5,932.00",2024-04-03
1437,HRL,2024040305003155,35,49,20.00,593.20,"11,864.00",2024-04-03
1438,HRL,2024040305003156,35,40,50.00,593.20,"29,660.00",2024-04-03
1439,HRL,2024040305003157,55,40,30.00,593.10,"17,793.00",2024-04-03
1440,HRL,2024040305003158,29,40,20.00,593.10,"11,862.00",2024-04-03
1441,HRL,2024040305003159,25,40,20.00,593.10,"11,862.00",2024-04-03
1442,HRL,2024040305003160,34,40,20.00,593.10,"11,862.00",2024-04-03
1443,HRL,2024040305003161,32,40,260.00,593.00,"154,180.00",2024-04-03
1444,HRL,2024040305003162,16,40,10.00,593.00,"5,930.00",2024-04-03
1445,HRL,2024040305003166,16,57,10.00,593.00,"5,930.00",2024-04-03
1446,HRL,2024040305003167,16,42,100.00,593.00,"59,300.00",2024-04-03
1447,HRL,2024040305003177,16,14,10.00,593.00,"5,930.00",2024-04-03
1448,HRL,2024040305003180,16,14,10.00,593.00,"5,930.00",2024-04-03
1449,HRL,2024040305003183,16,55,20.00,593.00,"11,860.00",2024-04-03
1450,HRL,2024040305003184,16,14,10.00,593.00,"5,930.00",2024-04-03
1451,HRL,2024040305003185,16,54,20.00,593.00,"11,860.00",2024-04-03
1452,HRL,2024040305003186,16,34,10.00,593.00,"5,930.00",2024-04-03
1453,HRL,2024040305003188,37,57,10.00,593.00,"5,930.00",2024-04-03
1454,HRL,2024040305003191,53,6,40.00,593.00,"23,720.00",2024-04-03
1455,HRL,2024040305003195,53,74,20.00,593.00,"11,860.00",2024-04-03
1456,HRL,2024040305003199,53,52,20.00,593.00,"11,860.00",2024-04-03
1457,HRL,2024040305003202,38,57,20.00,593.50,"11,870.00",2024-04-03
1458,HRL,2024040305003203,38,6,30.00,593.50,"17,805.00",2024-04-03
1459,HRL,2024040305003205,53,58,20.00,593.00,"11,860.00",2024-04-03
1460,HRL,2024040305003206,42,38,10.00,593.00,"5,930.00",2024-04-03
1461,HRL,2024040305003210,42,21,10.00,593.00,"5,930.00",2024-04-03
1462,HRL,2024040305003213,42,56,30.00,593.00,"17,790.00",2024-04-03
1463,HRL,2024040305003217,42,57,10.00,593.00,"5,930.00",2024-04-03
1464,HRL,2024040305003220,58,55,10.00,593.50,"5,935.00",2024-04-03
1465,HRL,2024040305003223,42,45,10.00,593.00,"5,930.00",2024-04-03
1466,HRL,2024040305003225,42,58,40.00,593.00,"23,720.00",2024-04-03
1467,HRL,2024040305003234,38,55,10.00,593.50,"5,935.00",2024-04-03
1468,HRL,2024040305003237,42,58,10.00,593.00,"5,930.00",2024-04-03
1469,HRL,2024040305003238,42,29,180.00,593.00,"106,740.00",2024-04-03
1470,HRL,2024040305003239,52,29,50.00,593.00,"29,650.00",2024-04-03
1471,HRL,2024040305003240,49,29,150.00,593.00,"88,950.00",2024-04-03
1472,HRL,2024040305003241,18,29,120.00,593.00,"71,160.00",2024-04-03
1473,HRL,2024040305003246,18,28,10.00,593.00,"5,930.00",2024-04-03
1474,HRL,2024040305003250,58,21,20.00,593.10,"11,862.00",2024-04-03
1475,HRL,2024040305003251,18,21,70.00,593.00,"41,510.00",2024-04-03
1476,HRL,2024040305003252,55,21,10.00,593.00,"5,930.00",2024-04-03
1477,HRL,2024040305003256,55,55,40.00,593.00,"23,720.00",2024-04-03
1478,HRL,2024040305003257,19,55,120.00,593.00,"71,160.00",2024-04-03
1479,HRL,2024040305003258,57,55,10.00,593.00,"5,930.00",2024-04-03
1480,HRL,2024040305003259,16,55,20.00,593.00,"11,860.00",2024-04-03
1481,HRL,2024040305003262,49,38,10.00,592.80,"5,928.00",2024-04-03
1482,HRL,2024040305003263,49,4,20.00,592.80,"11,856.00",2024-04-03
1483,HRL,2024040305003266,38,35,10.00,593.00,"5,930.00",2024-04-03
1484,HRL,2024040305003267,38,34,30.00,593.10,"17,793.00",2024-04-03
1485,HRL,2024040305003270,22,34,20.00,593.10,"11,862.00",2024-04-03
1486,HRL,2024040305003281,49,34,20.00,592.80,"11,856.00",2024-04-03
1487,HRL,2024040305003284,41,58,20.00,593.00,"11,860.00",2024-04-03
1488,HRL,2024040305003285,41,41,20.00,593.00,"11,860.00",2024-04-03
1489,HRL,2024040305003286,41,8,20.00,593.00,"11,860.00",2024-04-03
1490,HRL,2024040305003287,41,41,10.00,593.00,"5,930.00",2024-04-03
1491,HRL,2024040305003291,41,58,20.00,593.00,"11,860.00",2024-04-03
1492,HRL,2024040305003292,41,6,20.00,593.00,"11,860.00",2024-04-03
1493,HRL,2024040305003295,41,34,10.00,593.00,"5,930.00",2024-04-03
1494,HRL,2024040305003297,41,46,20.00,593.00,"11,860.00",2024-04-03
1495,HRL,2024040305003299,41,58,10.00,593.00,"5,930.00",2024-04-03
1496,HRL,2024040305003300,41,6,20.00,593.00,"11,860.00",2024-04-03
1497,HRL,2024040305003305,41,58,10.00,593.00,"5,930.00",2024-04-03
