SN,Symbol,Transaction No.,Buyer Broker,Seller Broker,Share Quantity,Rate(Rs),Amount(Rs),Traded Date
1,HRL,2024022805000001,51,4,40.00,609.00,"24,360.00",2024-02-28
2,HRL,2024022805000002,51,40,10.00,609.00,"6,090.00",2024-02-28
3,HRL,2024022805000003,51,58,40.00,609.00,"24,360.00",2024-02-28
4,HRL,2024022805000004,51,48,10.00,609.00,"6,090.00",2024-02-28
5,HRL,2024022805000005,14,45,10.00,609.10,"6,091.00",2024-02-28
6,HRL,2024022805000006,14,25,10.00,609.10,"6,091.00",2024-02-28
7,HRL,2024022805000007,14,55,30.00,609.10,"18,273.00",2024-02-28
8,HRL,2024022805000008,14,52,10.00,609.10,"6,091.00",2024-02-28
9,HRL,2024022805000009,14,49,20.00,609.10,"12,182.00",2024-02-28
10,HRL,2024022805000010,14,58,10.00,609.10,"6,091.00",2024-02-28
11,HRL,2024022805000012,14,36,10.00,609.10,"6,091.00",2024-02-28
12,HRL,2024022805000013,14,59,100.00,609.10,"60,910.00",2024-02-28
13,HRL,2024022805000014,38,59,100.00,609.10,"60,910.00",2024-02-28
14,HRL,2024022805000015,35,49,20.00,610.00,"12,200.00",2024-02-28
15,HRL,2024022805000016,35,59,32.00,610.00,"19,520.00",2024-02-28
16,HRL,2024022805000018,51,38,10.00,609.00,"6,090.00",2024-02-28
17,HRL,2024022805000019,89,87,10.00,609.10,"6,091.00",2024-02-28
18,HRL,2024022805000020,44,58,10.00,610.00,"6,100.00",2024-02-28
19,HRL,2024022805000021,44,45,10.00,610.00,"6,100.00",2024-02-28
20,HRL,2024022805000022,44,35,10.00,610.00,"6,100.00",2024-02-28
21,HRL,2024022805000023,44,52,20.00,610.00,"12,200.00",2024-02-28
22,HRL,2024022805000024,51,52,10.00,609.00,"6,090.00",2024-02-28
23,HRL,2024022805000025,76,17,10.00,612.00,"6,120.00",2024-02-28
24,HRL,2024022805000026,76,58,10.00,614.00,"6,140.00",2024-02-28
25,HRL,2024022805000027,76,55,10.00,614.50,"6,145.00",2024-02-28
26,HRL,2024022805000031,76,55,10.00,614.50,"6,145.00",2024-02-28
27,HRL,2024022805000032,76,52,10.00,615.00,"6,150.00",2024-02-28
28,HRL,2024022805000034,16,58,40.00,615.00,"24,600.00",2024-02-28
29,HRL,2024022805000035,16,45,10.00,615.00,"6,150.00",2024-02-28
30,HRL,2024022805000036,16,35,10.00,615.00,"6,150.00",2024-02-28
31,HRL,2024022805000037,16,13,10.00,615.00,"6,150.00",2024-02-28
32,HRL,2024022805000038,16,58,10.00,615.00,"6,150.00",2024-02-28
33,HRL,2024022805000039,16,42,10.00,615.00,"6,150.00",2024-02-28
34,HRL,2024022805000040,16,74,10.00,617.00,"6,170.00",2024-02-28
35,HRL,2024022805000041,16,34,100.00,618.80,"61,880.00",2024-02-28
36,HRL,2024022805000046,89,54,10.00,610.10,"6,101.00",2024-02-28
37,HRL,2024022805000047,35,54,10.00,610.00,"6,100.00",2024-02-28
38,HRL,2024022805000050,35,58,10.00,610.00,"6,100.00",2024-02-28
39,HRL,2024022805000051,35,52,20.00,610.00,"12,200.00",2024-02-28
40,HRL,2024022805000053,40,33,10.00,610.10,"6,101.00",2024-02-28
41,HRL,2024022805000054,40,28,10.00,610.10,"6,101.00",2024-02-28
42,HRL,2024022805000055,65,34,10.00,615.00,"6,150.00",2024-02-28
43,HRL,2024022805000056,65,49,10.00,615.90,"6,159.00",2024-02-28
44,HRL,2024022805000058,51,22,10.00,615.00,"6,150.00",2024-02-28
45,HRL,2024022805000059,51,87,20.00,615.00,"12,300.00",2024-02-28
46,HRL,2024022805000060,51,5,50.00,616.00,"30,800.00",2024-02-28
47,HRL,2024022805000061,7,13,10.00,613.00,"6,130.00",2024-02-28
48,HRL,2024022805000062,7,25,10.00,613.00,"6,130.00",2024-02-28
49,HRL,2024022805000063,7,55,40.00,613.00,"24,520.00",2024-02-28
50,HRL,2024022805000064,58,38,10.00,614.00,"6,140.00",2024-02-28
51,HRL,2024022805000065,7,22,10.00,613.00,"6,130.00",2024-02-28
52,HRL,2024022805000067,7,58,10.00,613.00,"6,130.00",2024-02-28
53,HRL,2024022805000068,7,55,10.00,613.00,"6,130.00",2024-02-28
54,HRL,2024022805000069,7,57,10.00,613.00,"6,130.00",2024-02-28
55,HRL,2024022805000072,7,45,10.00,613.00,"6,130.00",2024-02-28
56,HRL,2024022805000073,7,42,10.00,613.00,"6,130.00",2024-02-28
57,HRL,2024022805000077,7,29,20.00,613.00,"12,260.00",2024-02-28
58,HRL,2024022805000080,65,4,10.00,614.00,"6,140.00",2024-02-28
59,HRL,2024022805000081,65,44,10.00,614.00,"6,140.00",2024-02-28
60,HRL,2024022805000084,7,49,10.00,613.00,"6,130.00",2024-02-28
61,HRL,2024022805000091,65,38,10.00,613.00,"6,130.00",2024-02-28
62,HRL,2024022805000092,65,42,20.00,614.00,"12,280.00",2024-02-28
63,HRL,2024022805000095,58,42,10.00,612.00,"6,120.00",2024-02-28
64,HRL,2024022805000099,14,38,10.00,611.00,"6,110.00",2024-02-28
65,HRL,2024022805000100,14,94,20.00,611.00,"12,220.00",2024-02-28
66,HRL,2024022805000104,14,49,10.00,611.00,"6,110.00",2024-02-28
67,HRL,2024022805000106,41,42,90.00,612.00,"55,080.00",2024-02-28
68,HRL,2024022805000107,41,22,10.00,612.00,"6,120.00",2024-02-28
69,HRL,2024022805000108,41,44,10.00,613.00,"6,130.00",2024-02-28
70,HRL,2024022805000109,41,35,10.00,614.00,"6,140.00",2024-02-28
71,HRL,2024022805000110,41,21,10.00,614.00,"6,140.00",2024-02-28
72,HRL,2024022805000111,41,34,20.00,614.80,"12,296.00",2024-02-28
73,HRL,2024022805000114,14,45,10.00,611.00,"6,110.00",2024-02-28
74,HRL,2024022805000115,29,45,10.00,611.00,"6,110.00",2024-02-28
75,HRL,2024022805000116,29,41,10.00,611.00,"6,110.00",2024-02-28
76,HRL,2024022805000117,29,45,20.00,611.00,"12,220.00",2024-02-28
77,HRL,2024022805000118,29,63,20.00,611.00,"12,220.00",2024-02-28
78,HRL,2024022805000119,29,58,20.00,611.00,"12,220.00",2024-02-28
79,HRL,2024022805000120,29,33,10.00,611.00,"6,110.00",2024-02-28
80,HRL,2024022805000129,29,16,10.00,611.00,"6,110.00",2024-02-28
81,HRL,2024022805000130,29,14,10.00,611.00,"6,110.00",2024-02-28
82,HRL,2024022805000131,29,1,10.00,611.00,"6,110.00",2024-02-28
83,HRL,2024022805000132,29,74,20.00,611.00,"12,220.00",2024-02-28
84,HRL,2024022805000133,29,58,10.00,611.00,"6,110.00",2024-02-28
85,HRL,2024022805000134,25,5,50.00,611.00,"30,550.00",2024-02-28
86,HRL,2024022805000135,14,6,10.00,611.00,"6,110.00",2024-02-28
87,HRL,2024022805000136,14,54,10.00,611.00,"6,110.00",2024-02-28
88,HRL,2024022805000137,40,41,20.00,611.20,"12,224.00",2024-02-28
89,HRL,2024022805000138,40,21,10.00,611.20,"6,112.00",2024-02-28
90,HRL,2024022805000140,40,58,10.00,611.20,"6,112.00",2024-02-28
91,HRL,2024022805000144,34,35,10.00,612.00,"6,120.00",2024-02-28
92,HRL,2024022805000145,34,45,10.00,612.00,"6,120.00",2024-02-28
93,HRL,2024022805000151,40,11,30.00,611.20,"18,336.00",2024-02-28
94,HRL,2024022805000152,40,59,10.00,611.20,"6,112.00",2024-02-28
95,HRL,2024022805000154,40,34,10.00,611.20,"6,112.00",2024-02-28
96,HRL,2024022805000158,40,58,10.00,611.20,"6,112.00",2024-02-28
97,HRL,2024022805000159,40,57,10.00,611.20,"6,112.00",2024-02-28
98,HRL,2024022805000160,40,58,10.00,611.20,"6,112.00",2024-02-28
99,HRL,2024022805000164,40,33,30.00,611.20,"18,336.00",2024-02-28
100,HRL,2024022805000165,40,57,10.00,611.20,"6,112.00",2024-02-28
101,HRL,2024022805000167,40,42,20.00,611.20,"12,224.00",2024-02-28
102,HRL,2024022805000169,14,58,20.00,611.00,"12,220.00",2024-02-28
103,HRL,2024022805000171,14,5,10.00,611.00,"6,110.00",2024-02-28
104,HRL,2024022805000172,34,5,240.00,611.00,"146,640.00",2024-02-28
105,HRL,2024022805000173,34,34,10.00,611.00,"6,110.00",2024-02-28
106,HRL,2024022805000176,34,58,10.00,610.20,"6,102.00",2024-02-28
107,HRL,2024022805000201,13,21,10.00,611.00,"6,110.00",2024-02-28
108,HRL,2024022805000202,34,58,10.00,610.20,"6,102.00",2024-02-28
109,HRL,2024022805000203,34,6,10.00,610.20,"6,102.00",2024-02-28
110,HRL,2024022805000206,34,49,30.00,610.20,"18,306.00",2024-02-28
111,HRL,2024022805000211,34,42,10.00,610.20,"6,102.00",2024-02-28
112,HRL,2024022805000212,34,42,10.00,610.20,"6,102.00",2024-02-28
113,HRL,2024022805000220,34,51,20.00,610.20,"12,204.00",2024-02-28
114,HRL,2024022805000221,1,66,10.00,610.10,"6,101.00",2024-02-28
115,HRL,2024022805000222,1,45,10.00,610.10,"6,101.00",2024-02-28
116,HRL,2024022805000223,1,58,10.00,610.10,"6,101.00",2024-02-28
117,HRL,2024022805000224,1,38,10.00,610.10,"6,101.00",2024-02-28
118,HRL,2024022805000233,65,58,10.00,610.20,"6,102.00",2024-02-28
119,HRL,2024022805000235,65,58,10.00,610.20,"6,102.00",2024-02-28
120,HRL,2024022805000239,1,45,10.00,610.10,"6,101.00",2024-02-28
121,HRL,2024022805000240,1,52,10.00,610.10,"6,101.00",2024-02-28
122,HRL,2024022805000241,1,38,10.00,610.10,"6,101.00",2024-02-28
123,HRL,2024022805000242,1,56,40.00,610.10,"24,404.00",2024-02-28
124,HRL,2024022805000243,1,35,20.00,610.10,"12,202.00",2024-02-28
125,HRL,2024022805000244,1,58,20.00,610.10,"12,202.00",2024-02-28
126,HRL,2024022805000245,1,21,10.00,610.10,"6,101.00",2024-02-28
127,HRL,2024022805000246,1,34,10.00,610.10,"6,101.00",2024-02-28
128,HRL,2024022805000253,1,58,10.00,610.10,"6,101.00",2024-02-28
129,HRL,2024022805000255,1,58,10.00,610.10,"6,101.00",2024-02-28
130,HRL,2024022805000257,77,58,10.00,611.00,"6,110.00",2024-02-28
131,HRL,2024022805000258,77,52,20.00,611.00,"12,220.00",2024-02-28
132,HRL,2024022805000259,77,45,40.00,611.00,"24,440.00",2024-02-28
133,HRL,2024022805000260,77,89,350.00,611.00,"213,850.00",2024-02-28
134,HRL,2024022805000261,77,58,10.00,611.00,"6,110.00",2024-02-28
135,HRL,2024022805000262,77,58,10.00,611.00,"6,110.00",2024-02-28
136,HRL,2024022805000263,77,21,10.00,611.00,"6,110.00",2024-02-28
137,HRL,2024022805000264,77,21,10.00,611.00,"6,110.00",2024-02-28
138,HRL,2024022805000265,1,42,10.00,610.10,"6,101.00",2024-02-28
139,HRL,2024022805000266,35,58,10.00,610.00,"6,100.00",2024-02-28
140,HRL,2024022805000267,1,58,10.00,610.00,"6,100.00",2024-02-28
141,HRL,2024022805000270,58,38,20.00,611.00,"12,220.00",2024-02-28
142,HRL,2024022805000272,58,16,30.00,611.00,"18,330.00",2024-02-28
143,HRL,2024022805000273,58,34,10.00,611.00,"6,110.00",2024-02-28
144,HRL,2024022805000274,58,57,10.00,611.00,"6,110.00",2024-02-28
145,HRL,2024022805000276,58,58,20.00,611.00,"12,220.00",2024-02-28
146,HRL,2024022805000277,58,14,10.00,611.00,"6,110.00",2024-02-28
147,HRL,2024022805000280,58,41,10.00,611.00,"6,110.00",2024-02-28
148,HRL,2024022805000282,58,35,10.00,611.00,"6,110.00",2024-02-28
149,HRL,2024022805000284,58,8,20.00,611.00,"12,220.00",2024-02-28
150,HRL,2024022805000288,58,58,20.00,611.00,"12,220.00",2024-02-28
151,HRL,2024022805000295,58,58,10.00,611.00,"6,110.00",2024-02-28
152,HRL,2024022805000297,58,18,10.00,611.00,"6,110.00",2024-02-28
153,HRL,2024022805000298,42,58,40.00,611.20,"24,448.00",2024-02-28
154,HRL,2024022805000299,42,58,10.00,611.20,"6,112.00",2024-02-28
155,HRL,2024022805000300,58,57,10.00,611.00,"6,110.00",2024-02-28
156,HRL,2024022805000302,58,33,10.00,611.00,"6,110.00",2024-02-28
157,HRL,2024022805000303,57,18,10.00,611.10,"6,111.00",2024-02-28
158,HRL,2024022805000304,57,1,10.00,611.10,"6,111.00",2024-02-28
159,HRL,2024022805000305,58,1,10.00,611.00,"6,110.00",2024-02-28
160,HRL,2024022805000307,58,58,10.00,611.00,"6,110.00",2024-02-28
161,HRL,2024022805000308,58,58,10.00,611.00,"6,110.00",2024-02-28
162,HRL,2024022805000309,58,33,10.00,611.00,"6,110.00",2024-02-28
163,HRL,2024022805000311,58,42,20.00,611.00,"12,220.00",2024-02-28
164,HRL,2024022805000314,58,58,10.00,611.00,"6,110.00",2024-02-28
165,HRL,2024022805000317,13,1,20.00,611.50,"12,230.00",2024-02-28
166,HRL,2024022805000318,58,58,10.00,611.00,"6,110.00",2024-02-28
167,HRL,2024022805000323,58,11,180.00,611.00,"109,980.00",2024-02-28
168,HRL,2024022805000324,4,55,10.00,610.40,"6,104.00",2024-02-28
169,HRL,2024022805000327,44,49,10.00,610.20,"6,102.00",2024-02-28
170,HRL,2024022805000328,44,21,10.00,610.20,"6,102.00",2024-02-28
171,HRL,2024022805000329,44,33,30.00,610.20,"18,306.00",2024-02-28
172,HRL,2024022805000330,44,38,10.00,610.20,"6,102.00",2024-02-28
173,HRL,2024022805000331,37,38,10.00,610.10,"6,101.00",2024-02-28
174,HRL,2024022805000332,37,49,10.00,610.10,"6,101.00",2024-02-28
175,HRL,2024022805000337,13,49,30.00,610.50,"18,315.00",2024-02-28
176,HRL,2024022805000340,37,36,20.00,610.10,"12,202.00",2024-02-28
177,HRL,2024022805000341,37,58,29.00,610.10,"17,692.90",2024-02-28
178,HRL,2024022805000342,37,36,20.00,610.10,"12,202.00",2024-02-28
179,HRL,2024022805000344,37,56,10.00,610.10,"6,101.00",2024-02-28
180,HRL,2024022805000346,59,52,10.00,610.10,"6,101.00",2024-02-28
181,HRL,2024022805000347,59,49,10.00,610.10,"6,101.00",2024-02-28
182,HRL,2024022805000354,59,35,10.00,610.10,"6,101.00",2024-02-28
183,HRL,2024022805000355,59,38,10.00,610.10,"6,101.00",2024-02-28
184,HRL,2024022805000358,59,58,10.00,610.10,"6,101.00",2024-02-28
185,HRL,2024022805000359,59,22,10.00,610.10,"6,101.00",2024-02-28
186,HRL,2024022805000360,29,22,10.00,610.10,"6,101.00",2024-02-28
187,HRL,2024022805000361,29,52,20.00,610.10,"12,202.00",2024-02-28
188,HRL,2024022805000362,29,58,10.00,610.10,"6,101.00",2024-02-28
189,HRL,2024022805000363,29,21,10.00,610.10,"6,101.00",2024-02-28
190,HRL,2024022805000364,29,58,20.00,610.10,"12,202.00",2024-02-28
191,HRL,2024022805000365,29,48,10.00,610.10,"6,101.00",2024-02-28
192,HRL,2024022805000367,45,58,10.00,610.20,"6,102.00",2024-02-28
193,HRL,2024022805000368,45,49,20.00,610.20,"12,204.00",2024-02-28
194,HRL,2024022805000372,29,58,10.00,610.10,"6,101.00",2024-02-28
195,HRL,2024022805000373,29,26,10.00,610.10,"6,101.00",2024-02-28
196,HRL,2024022805000374,29,58,10.00,610.10,"6,101.00",2024-02-28
197,HRL,2024022805000377,29,32,10.00,610.10,"6,101.00",2024-02-28
198,HRL,2024022805000378,29,33,30.00,610.10,"18,303.00",2024-02-28
199,HRL,2024022805000382,29,50,20.00,610.10,"12,202.00",2024-02-28
200,HRL,2024022805000383,29,34,10.00,610.10,"6,101.00",2024-02-28
201,HRL,2024022805000385,29,34,10.00,610.10,"6,101.00",2024-02-28
202,HRL,2024022805000387,29,29,10.00,610.10,"6,101.00",2024-02-28
203,HRL,2024022805000388,29,38,10.00,610.10,"6,101.00",2024-02-28
204,HRL,2024022805000389,29,55,20.00,610.10,"12,202.00",2024-02-28
205,HRL,2024022805000395,29,58,10.00,610.10,"6,101.00",2024-02-28
206,HRL,2024022805000397,29,41,10.00,610.10,"6,101.00",2024-02-28
207,HRL,2024022805000399,34,58,10.00,611.00,"6,110.00",2024-02-28
208,HRL,2024022805000400,29,58,10.00,610.10,"6,101.00",2024-02-28
209,HRL,2024022805000401,29,45,10.00,610.10,"6,101.00",2024-02-28
210,HRL,2024022805000402,29,34,20.00,610.10,"12,202.00",2024-02-28
211,HRL,2024022805000403,29,25,10.00,610.10,"6,101.00",2024-02-28
212,HRL,2024022805000405,29,34,10.00,610.10,"6,101.00",2024-02-28
213,HRL,2024022805000406,29,1,10.00,610.10,"6,101.00",2024-02-28
214,HRL,2024022805000407,29,58,10.00,610.10,"6,101.00",2024-02-28
215,HRL,2024022805000409,29,52,10.00,610.10,"6,101.00",2024-02-28
216,HRL,2024022805000410,29,58,10.00,610.10,"6,101.00",2024-02-28
217,HRL,2024022805000412,29,58,10.00,610.10,"6,101.00",2024-02-28
218,HRL,2024022805000413,48,58,10.00,610.20,"6,102.00",2024-02-28
219,HRL,2024022805000415,48,39,10.00,610.20,"6,102.00",2024-02-28
220,HRL,2024022805000416,48,49,10.00,610.20,"6,102.00",2024-02-28
221,HRL,2024022805000417,48,38,10.00,610.20,"6,102.00",2024-02-28
222,HRL,2024022805000418,48,26,10.00,610.20,"6,102.00",2024-02-28
223,HRL,2024022805000419,29,26,140.00,610.10,"85,414.00",2024-02-28
224,HRL,2024022805000420,37,26,49.00,610.10,"29,894.90",2024-02-28
225,HRL,2024022805000421,39,26,301.00,610.10,"183,640.10",2024-02-28
226,HRL,2024022805000422,39,57,30.00,610.10,"18,303.00",2024-02-28
227,HRL,2024022805000425,39,55,10.00,610.10,"6,101.00",2024-02-28
228,HRL,2024022805000430,39,45,10.00,610.10,"6,101.00",2024-02-28
229,HRL,2024022805000431,39,34,20.00,610.10,"12,202.00",2024-02-28
230,HRL,2024022805000434,48,58,10.00,610.20,"6,102.00",2024-02-28
231,HRL,2024022805000437,21,58,10.00,610.20,"6,102.00",2024-02-28
232,HRL,2024022805000440,21,56,10.00,610.20,"6,102.00",2024-02-28
233,HRL,2024022805000441,21,34,10.00,610.20,"6,102.00",2024-02-28
234,HRL,2024022805000442,21,47,10.00,610.20,"6,102.00",2024-02-28
235,HRL,2024022805000443,21,58,10.00,610.20,"6,102.00",2024-02-28
236,HRL,2024022805000447,21,35,10.00,610.20,"6,102.00",2024-02-28
237,HRL,2024022805000448,21,56,20.00,610.20,"12,204.00",2024-02-28
238,HRL,2024022805000449,21,49,10.00,610.20,"6,102.00",2024-02-28
239,HRL,2024022805000450,21,48,10.00,610.20,"6,102.00",2024-02-28
240,HRL,2024022805000453,21,42,10.00,610.20,"6,102.00",2024-02-28
241,HRL,2024022805000454,21,39,20.00,610.20,"12,204.00",2024-02-28
242,HRL,2024022805000457,39,62,20.00,610.10,"12,202.00",2024-02-28
243,HRL,2024022805000458,39,32,10.00,610.10,"6,101.00",2024-02-28
244,HRL,2024022805000459,39,17,100.00,610.10,"61,010.00",2024-02-28
245,HRL,2024022805000460,39,1,20.00,610.10,"12,202.00",2024-02-28
246,HRL,2024022805000461,6,58,10.00,610.20,"6,102.00",2024-02-28
247,HRL,2024022805000462,6,36,20.00,610.20,"12,204.00",2024-02-28
248,HRL,2024022805000463,6,43,10.00,610.20,"6,102.00",2024-02-28
249,HRL,2024022805000465,6,48,20.00,610.20,"12,204.00",2024-02-28
250,HRL,2024022805000466,6,57,20.00,610.20,"12,204.00",2024-02-28
251,HRL,2024022805000467,6,6,10.00,610.20,"6,102.00",2024-02-28
252,HRL,2024022805000468,6,58,10.00,610.20,"6,102.00",2024-02-28
253,HRL,2024022805000472,6,49,10.00,610.20,"6,102.00",2024-02-28
254,HRL,2024022805000474,6,35,10.00,610.20,"6,102.00",2024-02-28
255,HRL,2024022805000475,6,14,10.00,610.20,"6,102.00",2024-02-28
256,HRL,2024022805000476,6,58,10.00,610.20,"6,102.00",2024-02-28
257,HRL,2024022805000477,6,35,10.00,610.20,"6,102.00",2024-02-28
258,HRL,2024022805000478,6,49,30.00,610.20,"18,306.00",2024-02-28
259,HRL,2024022805000480,6,62,20.00,610.20,"12,204.00",2024-02-28
260,HRL,2024022805000481,6,58,10.00,610.20,"6,102.00",2024-02-28
261,HRL,2024022805000482,6,38,10.00,610.20,"6,102.00",2024-02-28
262,HRL,2024022805000485,6,58,10.00,610.20,"6,102.00",2024-02-28
263,HRL,2024022805000488,56,58,10.00,610.30,"6,103.00",2024-02-28
264,HRL,2024022805000489,56,34,10.00,610.30,"6,103.00",2024-02-28
265,HRL,2024022805000490,56,58,10.00,610.30,"6,103.00",2024-02-28
266,HRL,2024022805000491,6,77,10.00,610.20,"6,102.00",2024-02-28
267,HRL,2024022805000493,6,34,10.00,610.20,"6,102.00",2024-02-28
268,HRL,2024022805000496,6,49,10.00,610.20,"6,102.00",2024-02-28
269,HRL,2024022805000498,58,33,10.00,610.40,"6,104.00",2024-02-28
270,HRL,2024022805000499,58,42,10.00,610.50,"6,105.00",2024-02-28
271,HRL,2024022805000500,58,58,10.00,610.50,"6,105.00",2024-02-28
272,HRL,2024022805000501,58,58,10.00,611.00,"6,110.00",2024-02-28
273,HRL,2024022805000502,58,58,20.00,611.00,"12,220.00",2024-02-28
274,HRL,2024022805000503,58,17,10.00,611.00,"6,110.00",2024-02-28
275,HRL,2024022805000504,58,48,10.00,611.00,"6,110.00",2024-02-28
276,HRL,2024022805000505,58,72,20.00,611.00,"12,220.00",2024-02-28
277,HRL,2024022805000506,58,58,10.00,611.00,"6,110.00",2024-02-28
278,HRL,2024022805000507,58,71,10.00,611.00,"6,110.00",2024-02-28
279,HRL,2024022805000508,58,58,10.00,611.00,"6,110.00",2024-02-28
280,HRL,2024022805000509,58,41,10.00,611.00,"6,110.00",2024-02-28
281,HRL,2024022805000510,58,66,20.00,611.00,"12,220.00",2024-02-28
282,HRL,2024022805000511,58,16,100.00,611.50,"61,150.00",2024-02-28
283,HRL,2024022805000512,58,58,10.00,611.90,"6,119.00",2024-02-28
284,HRL,2024022805000513,58,77,20.00,611.90,"12,238.00",2024-02-28
285,HRL,2024022805000514,58,58,10.00,611.90,"6,119.00",2024-02-28
286,HRL,2024022805000515,58,48,10.00,612.00,"6,120.00",2024-02-28
287,HRL,2024022805000516,58,58,10.00,612.00,"6,120.00",2024-02-28
288,HRL,2024022805000517,58,46,30.00,612.00,"18,360.00",2024-02-28
289,HRL,2024022805000518,58,28,20.00,612.00,"12,240.00",2024-02-28
290,HRL,2024022805000519,58,42,10.00,612.00,"6,120.00",2024-02-28
291,HRL,2024022805000520,58,22,10.00,612.00,"6,120.00",2024-02-28
292,HRL,2024022805000521,58,58,10.00,612.00,"6,120.00",2024-02-28
293,HRL,2024022805000522,58,45,10.00,612.00,"6,120.00",2024-02-28
294,HRL,2024022805000523,58,54,10.00,612.00,"6,120.00",2024-02-28
295,HRL,2024022805000524,58,58,10.00,612.00,"6,120.00",2024-02-28
296,HRL,2024022805000525,58,49,10.00,612.00,"6,120.00",2024-02-28
297,HRL,2024022805000526,58,19,10.00,612.00,"6,120.00",2024-02-28
298,HRL,2024022805000527,58,58,10.00,612.00,"6,120.00",2024-02-28
299,HRL,2024022805000528,58,22,10.00,612.00,"6,120.00",2024-02-28
300,HRL,2024022805000529,58,19,10.00,612.00,"6,120.00",2024-02-28
301,HRL,2024022805000530,58,48,20.00,612.00,"12,240.00",2024-02-28
302,HRL,2024022805000531,58,58,10.00,612.00,"6,120.00",2024-02-28
303,HRL,2024022805000532,58,49,20.00,612.00,"12,240.00",2024-02-28
304,HRL,2024022805000533,58,58,10.00,612.00,"6,120.00",2024-02-28
305,HRL,2024022805000534,58,57,20.00,612.00,"12,240.00",2024-02-28
306,HRL,2024022805000535,58,10,10.00,612.00,"6,120.00",2024-02-28
307,HRL,2024022805000536,58,57,10.00,612.00,"6,120.00",2024-02-28
308,HRL,2024022805000537,58,16,10.00,612.00,"6,120.00",2024-02-28
309,HRL,2024022805000538,58,55,10.00,612.00,"6,120.00",2024-02-28
310,HRL,2024022805000540,6,57,10.00,610.20,"6,102.00",2024-02-28
311,HRL,2024022805000543,6,8,10.00,610.20,"6,102.00",2024-02-28
312,HRL,2024022805000544,6,56,20.00,610.20,"12,204.00",2024-02-28
313,HRL,2024022805000545,41,45,20.00,611.00,"12,220.00",2024-02-28
314,HRL,2024022805000546,41,42,10.00,611.00,"6,110.00",2024-02-28
315,HRL,2024022805000547,41,41,10.00,611.00,"6,110.00",2024-02-28
316,HRL,2024022805000550,41,50,10.00,611.00,"6,110.00",2024-02-28
317,HRL,2024022805000553,41,55,30.00,611.00,"18,330.00",2024-02-28
318,HRL,2024022805000555,41,61,10.00,611.00,"6,110.00",2024-02-28
319,HRL,2024022805000556,47,58,20.00,612.00,"12,240.00",2024-02-28
320,HRL,2024022805000557,47,39,10.00,612.00,"6,120.00",2024-02-28
321,HRL,2024022805000558,47,58,10.00,612.00,"6,120.00",2024-02-28
322,HRL,2024022805000559,47,28,10.00,612.00,"6,120.00",2024-02-28
323,HRL,2024022805000560,47,38,10.00,612.00,"6,120.00",2024-02-28
324,HRL,2024022805000561,47,36,10.00,612.00,"6,120.00",2024-02-28
325,HRL,2024022805000564,47,4,10.00,612.00,"6,120.00",2024-02-28
326,HRL,2024022805000565,76,49,10.00,612.20,"6,122.00",2024-02-28
327,HRL,2024022805000566,76,44,10.00,612.30,"6,123.00",2024-02-28
328,HRL,2024022805000567,76,56,10.00,612.50,"6,125.00",2024-02-28
329,HRL,2024022805000568,76,36,10.00,612.50,"6,125.00",2024-02-28
330,HRL,2024022805000569,76,29,20.00,612.50,"12,250.00",2024-02-28
331,HRL,2024022805000570,76,72,20.00,612.50,"12,250.00",2024-02-28
332,HRL,2024022805000571,76,41,10.00,612.50,"6,125.00",2024-02-28
333,HRL,2024022805000572,76,48,10.00,612.90,"6,129.00",2024-02-28
334,HRL,2024022805000573,76,58,30.00,613.00,"18,390.00",2024-02-28
335,HRL,2024022805000574,76,6,10.00,613.00,"6,130.00",2024-02-28
336,HRL,2024022805000575,76,7,10.00,613.00,"6,130.00",2024-02-28
337,HRL,2024022805000577,48,39,10.00,612.10,"6,121.00",2024-02-28
338,HRL,2024022805000578,47,3,100.00,614.00,"61,400.00",2024-02-28
339,HRL,2024022805000579,47,58,10.00,614.00,"6,140.00",2024-02-28
340,HRL,2024022805000580,47,58,20.00,614.00,"12,280.00",2024-02-28
341,HRL,2024022805000581,76,25,10.00,614.50,"6,145.00",2024-02-28
342,HRL,2024022805000582,47,49,20.00,614.00,"12,280.00",2024-02-28
343,HRL,2024022805000588,47,58,10.00,614.00,"6,140.00",2024-02-28
344,HRL,2024022805000589,76,25,10.00,614.50,"6,145.00",2024-02-28
345,HRL,2024022805000590,48,25,130.00,614.50,"79,885.00",2024-02-28
346,HRL,2024022805000591,48,34,370.00,614.80,"227,476.00",2024-02-28
347,HRL,2024022805000593,58,34,610.00,614.80,"375,028.00",2024-02-28
348,HRL,2024022805000594,16,58,20.00,614.00,"12,280.00",2024-02-28
349,HRL,2024022805000599,16,58,10.00,614.00,"6,140.00",2024-02-28
350,HRL,2024022805000600,16,40,20.00,614.00,"12,280.00",2024-02-28
351,HRL,2024022805000601,34,40,20.00,614.00,"12,280.00",2024-02-28
352,HRL,2024022805000602,47,54,10.00,612.30,"6,123.00",2024-02-28
353,HRL,2024022805000609,28,22,10.00,613.00,"6,130.00",2024-02-28
354,HRL,2024022805000610,16,6,20.00,612.40,"12,248.00",2024-02-28
355,HRL,2024022805000611,16,38,10.00,612.40,"6,124.00",2024-02-28
356,HRL,2024022805000614,47,52,10.00,612.50,"6,125.00",2024-02-28
357,HRL,2024022805000616,47,57,10.00,612.50,"6,125.00",2024-02-28
358,HRL,2024022805000631,47,28,80.00,612.50,"49,000.00",2024-02-28
359,HRL,2024022805000632,16,28,70.00,612.40,"42,868.00",2024-02-28
360,HRL,2024022805000633,36,28,100.00,612.30,"61,230.00",2024-02-28
361,HRL,2024022805000634,86,28,500.00,612.20,"306,100.00",2024-02-28
362,HRL,2024022805000635,48,28,10.00,612.10,"6,121.00",2024-02-28
363,HRL,2024022805000636,13,28,100.00,612.10,"61,210.00",2024-02-28
364,HRL,2024022805000637,55,28,"4,140.00",612.00,"2,533,680.00",2024-02-28
365,HRL,2024022805000638,55,56,10.00,612.00,"6,120.00",2024-02-28
366,HRL,2024022805000644,55,55,40.00,612.00,"24,480.00",2024-02-28
367,HRL,2024022805000645,55,40,20.00,612.00,"12,240.00",2024-02-28
368,HRL,2024022805000646,47,59,10.00,612.50,"6,125.00",2024-02-28
369,HRL,2024022805000648,55,46,10.00,612.00,"6,120.00",2024-02-28
370,HRL,2024022805000650,55,58,50.00,612.00,"30,600.00",2024-02-28
371,HRL,2024022805000662,55,40,20.00,612.00,"12,240.00",2024-02-28
372,HRL,2024022805000666,55,51,20.00,612.00,"12,240.00",2024-02-28
373,HRL,2024022805000667,55,40,20.00,612.00,"12,240.00",2024-02-28
374,HRL,2024022805000668,55,38,10.00,612.00,"6,120.00",2024-02-28
375,HRL,2024022805000669,55,58,20.00,612.00,"12,240.00",2024-02-28
376,HRL,2024022805000673,55,40,20.00,612.00,"12,240.00",2024-02-28
377,HRL,2024022805000676,44,62,15.00,612.40,"9,186.00",2024-02-28
378,HRL,2024022805000678,55,56,20.00,612.00,"12,240.00",2024-02-28
379,HRL,2024022805000679,55,56,10.00,612.00,"6,120.00",2024-02-28
380,HRL,2024022805000680,55,49,10.00,612.00,"6,120.00",2024-02-28
381,HRL,2024022805000681,55,57,10.00,612.00,"6,120.00",2024-02-28
382,HRL,2024022805000682,55,32,10.00,612.00,"6,120.00",2024-02-28
383,HRL,2024022805000683,55,40,20.00,612.00,"12,240.00",2024-02-28
384,HRL,2024022805000684,55,57,10.00,612.00,"6,120.00",2024-02-28
385,HRL,2024022805000685,55,41,10.00,612.00,"6,120.00",2024-02-28
386,HRL,2024022805000687,55,21,20.00,612.00,"12,240.00",2024-02-28
387,HRL,2024022805000688,55,45,"1,500.00",612.00,"918,000.00",2024-02-28
388,HRL,2024022805000691,22,56,10.00,612.00,"6,120.00",2024-02-28
389,HRL,2024022805000692,40,6,10.00,612.50,"6,125.00",2024-02-28
390,HRL,2024022805000695,40,59,190.00,612.50,"116,375.00",2024-02-28
391,HRL,2024022805000696,22,59,40.00,612.00,"24,480.00",2024-02-28
392,HRL,2024022805000697,14,59,20.00,612.00,"12,240.00",2024-02-28
393,HRL,2024022805000698,26,59,50.00,612.00,"30,600.00",2024-02-28
394,HRL,2024022805000699,41,52,10.00,611.00,"6,110.00",2024-02-28
395,HRL,2024022805000700,55,52,10.00,611.00,"6,110.00",2024-02-28
396,HRL,2024022805000703,55,41,10.00,611.00,"6,110.00",2024-02-28
397,HRL,2024022805000704,55,13,20.00,611.00,"12,220.00",2024-02-28
398,HRL,2024022805000707,41,59,10.00,611.10,"6,111.00",2024-02-28
399,HRL,2024022805000710,41,38,10.00,611.10,"6,111.00",2024-02-28
400,HRL,2024022805000711,41,52,20.00,611.10,"12,222.00",2024-02-28
401,HRL,2024022805000712,41,58,20.00,611.10,"12,222.00",2024-02-28
402,HRL,2024022805000716,41,42,370.00,611.10,"226,107.00",2024-02-28
403,HRL,2024022805000717,41,58,10.00,611.10,"6,111.00",2024-02-28
404,HRL,2024022805000719,41,62,20.00,611.10,"12,222.00",2024-02-28
405,HRL,2024022805000721,41,21,20.00,611.10,"12,222.00",2024-02-28
406,HRL,2024022805000722,41,26,10.00,611.10,"6,111.00",2024-02-28
407,HRL,2024022805000726,41,52,10.00,611.10,"6,111.00",2024-02-28
408,HRL,2024022805000727,8,52,10.00,611.10,"6,111.00",2024-02-28
409,HRL,2024022805000736,57,34,10.00,611.20,"6,112.00",2024-02-28
410,HRL,2024022805000737,8,34,10.00,611.10,"6,111.00",2024-02-28
411,HRL,2024022805000738,58,94,20.00,611.10,"12,222.00",2024-02-28
412,HRL,2024022805000739,58,58,10.00,611.10,"6,111.00",2024-02-28
413,HRL,2024022805000740,58,45,10.00,611.10,"6,111.00",2024-02-28
414,HRL,2024022805000741,43,59,25.00,612.00,"15,300.00",2024-02-28
415,HRL,2024022805000743,58,58,10.00,611.20,"6,112.00",2024-02-28
416,HRL,2024022805000746,58,51,20.00,611.20,"12,224.00",2024-02-28
417,HRL,2024022805000748,38,34,30.00,611.90,"18,357.00",2024-02-28
418,HRL,2024022805000749,38,59,20.00,612.00,"12,240.00",2024-02-28
419,HRL,2024022805000750,58,62,15.00,611.20,"9,168.00",2024-02-28
420,HRL,2024022805000760,51,44,20.00,611.20,"12,224.00",2024-02-28
421,HRL,2024022805000761,51,8,10.00,611.20,"6,112.00",2024-02-28
422,HRL,2024022805000762,51,35,10.00,611.20,"6,112.00",2024-02-28
423,HRL,2024022805000763,51,57,10.00,611.20,"6,112.00",2024-02-28
424,HRL,2024022805000764,49,57,10.00,611.20,"6,112.00",2024-02-28
425,HRL,2024022805000766,58,45,20.00,611.10,"12,222.00",2024-02-28
426,HRL,2024022805000767,58,38,10.00,611.10,"6,111.00",2024-02-28
427,HRL,2024022805000773,58,94,20.00,611.10,"12,222.00",2024-02-28
428,HRL,2024022805000774,58,52,10.00,611.10,"6,111.00",2024-02-28
429,HRL,2024022805000776,58,21,10.00,611.10,"6,111.00",2024-02-28
430,HRL,2024022805000777,58,57,10.00,611.20,"6,112.00",2024-02-28
431,HRL,2024022805000778,58,4,10.00,611.80,"6,118.00",2024-02-28
432,HRL,2024022805000779,58,59,45.00,612.00,"27,540.00",2024-02-28
433,HRL,2024022805000780,58,49,10.00,612.00,"6,120.00",2024-02-28
434,HRL,2024022805000781,58,38,30.00,612.00,"18,360.00",2024-02-28
435,HRL,2024022805000782,58,57,20.00,612.00,"12,240.00",2024-02-28
436,HRL,2024022805000783,58,58,20.00,612.00,"12,240.00",2024-02-28
437,HRL,2024022805000784,58,58,10.00,612.00,"6,120.00",2024-02-28
438,HRL,2024022805000785,58,52,10.00,612.00,"6,120.00",2024-02-28
439,HRL,2024022805000786,58,58,10.00,612.50,"6,125.00",2024-02-28
440,HRL,2024022805000787,58,38,10.00,612.50,"6,125.00",2024-02-28
441,HRL,2024022805000788,58,22,20.00,613.00,"12,260.00",2024-02-28
442,HRL,2024022805000789,58,72,10.00,613.00,"6,130.00",2024-02-28
443,HRL,2024022805000790,58,58,30.00,613.00,"18,390.00",2024-02-28
444,HRL,2024022805000791,58,72,200.00,613.00,"122,600.00",2024-02-28
445,HRL,2024022805000792,58,42,10.00,613.00,"6,130.00",2024-02-28
446,HRL,2024022805000793,58,40,460.00,614.00,"282,440.00",2024-02-28
447,HRL,2024022805000794,58,57,10.00,614.00,"6,140.00",2024-02-28
448,HRL,2024022805000795,58,7,10.00,614.00,"6,140.00",2024-02-28
449,HRL,2024022805000796,58,77,10.00,614.00,"6,140.00",2024-02-28
450,HRL,2024022805000797,58,38,10.00,614.00,"6,140.00",2024-02-28
451,HRL,2024022805000798,58,32,45.00,614.00,"27,630.00",2024-02-28
452,HRL,2024022805000799,58,29,10.00,611.10,"6,111.00",2024-02-28
453,HRL,2024022805000801,16,13,10.00,611.20,"6,112.00",2024-02-28
454,HRL,2024022805000803,16,58,10.00,611.20,"6,112.00",2024-02-28
455,HRL,2024022805000804,16,58,10.00,611.20,"6,112.00",2024-02-28
456,HRL,2024022805000806,16,56,10.00,611.20,"6,112.00",2024-02-28
457,HRL,2024022805000809,16,36,10.00,611.20,"6,112.00",2024-02-28
458,HRL,2024022805000810,16,14,10.00,611.20,"6,112.00",2024-02-28
459,HRL,2024022805000811,16,58,10.00,611.20,"6,112.00",2024-02-28
460,HRL,2024022805000812,16,6,10.00,611.20,"6,112.00",2024-02-28
461,HRL,2024022805000814,16,36,20.00,611.20,"12,224.00",2024-02-28
462,HRL,2024022805000815,58,1,20.00,611.10,"12,222.00",2024-02-28
463,HRL,2024022805000816,50,58,700.00,612.00,"428,400.00",2024-02-28
464,HRL,2024022805000817,50,29,250.00,613.00,"153,250.00",2024-02-28
465,HRL,2024022805000818,58,41,10.00,611.10,"6,111.00",2024-02-28
466,HRL,2024022805000819,58,58,10.00,611.10,"6,111.00",2024-02-28
467,HRL,2024022805000822,58,52,20.00,611.10,"12,222.00",2024-02-28
468,HRL,2024022805000825,58,45,20.00,611.10,"12,222.00",2024-02-28
469,HRL,2024022805000831,58,59,10.00,611.10,"6,111.00",2024-02-28
470,HRL,2024022805000832,58,34,85.00,611.10,"51,943.50",2024-02-28
471,HRL,2024022805000833,58,45,20.00,611.20,"12,224.00",2024-02-28
472,HRL,2024022805000835,58,25,20.00,611.20,"12,224.00",2024-02-28
473,HRL,2024022805000838,58,57,10.00,611.20,"6,112.00",2024-02-28
474,HRL,2024022805000843,58,28,20.00,611.20,"12,224.00",2024-02-28
475,HRL,2024022805000851,58,36,20.00,611.20,"12,224.00",2024-02-28
476,HRL,2024022805000856,58,56,10.00,611.20,"6,112.00",2024-02-28
477,HRL,2024022805000859,58,36,10.00,611.20,"6,112.00",2024-02-28
478,HRL,2024022805000860,58,21,10.00,611.20,"6,112.00",2024-02-28
479,HRL,2024022805000861,58,46,10.00,611.20,"6,112.00",2024-02-28
480,HRL,2024022805000862,58,36,10.00,611.20,"6,112.00",2024-02-28
481,HRL,2024022805000865,58,52,20.00,611.20,"12,224.00",2024-02-28
482,HRL,2024022805000869,58,58,100.00,611.20,"61,120.00",2024-02-28
483,HRL,2024022805000870,16,6,10.00,612.00,"6,120.00",2024-02-28
484,HRL,2024022805000871,16,54,20.00,612.00,"12,240.00",2024-02-28
485,HRL,2024022805000872,16,14,10.00,612.00,"6,120.00",2024-02-28
486,HRL,2024022805000873,16,1,10.00,612.00,"6,120.00",2024-02-28
487,HRL,2024022805000889,58,51,30.00,611.20,"18,336.00",2024-02-28
488,HRL,2024022805000890,34,45,20.00,611.30,"12,226.00",2024-02-28
489,HRL,2024022805000891,3,58,100.00,611.50,"61,150.00",2024-02-28
490,HRL,2024022805000892,65,49,10.00,612.00,"6,120.00",2024-02-28
491,HRL,2024022805000893,65,39,10.00,612.00,"6,120.00",2024-02-28
492,HRL,2024022805000894,65,58,20.00,612.00,"12,240.00",2024-02-28
493,HRL,2024022805000895,65,42,10.00,612.00,"6,120.00",2024-02-28
494,HRL,2024022805000896,65,58,50.00,612.00,"30,600.00",2024-02-28
495,HRL,2024022805000897,58,58,100.00,612.00,"61,200.00",2024-02-28
496,HRL,2024022805000898,58,58,200.00,612.00,"122,400.00",2024-02-28
497,HRL,2024022805000899,58,58,10.00,612.00,"6,120.00",2024-02-28
498,HRL,2024022805000904,58,11,10.00,612.00,"6,120.00",2024-02-28
499,HRL,2024022805000905,58,13,10.00,612.00,"6,120.00",2024-02-28
500,HRL,2024022805000907,62,62,5.00,599.80,"2,999.00",2024-02-28
501,HRL,2024022805000913,58,45,20.00,612.00,"12,240.00",2024-02-28
502,HRL,2024022805000914,58,58,10.00,612.00,"6,120.00",2024-02-28
503,HRL,2024022805000916,58,17,10.00,612.00,"6,120.00",2024-02-28
504,HRL,2024022805000918,58,17,10.00,612.00,"6,120.00",2024-02-28
505,HRL,2024022805000921,58,17,20.00,612.00,"12,240.00",2024-02-28
506,HRL,2024022805000922,58,22,10.00,612.00,"6,120.00",2024-02-28
507,HRL,2024022805000923,3,49,25.00,612.00,"15,300.00",2024-02-28
508,HRL,2024022805000924,57,51,30.00,611.60,"18,348.00",2024-02-28
509,HRL,2024022805000925,57,58,10.00,611.60,"6,116.00",2024-02-28
510,HRL,2024022805000939,57,70,20.00,611.60,"12,232.00",2024-02-28
511,HRL,2024022805000940,57,51,30.00,611.60,"18,348.00",2024-02-28
512,HRL,2024022805000941,57,1,10.00,611.60,"6,116.00",2024-02-28
513,HRL,2024022805000954,57,59,10.00,611.50,"6,115.00",2024-02-28
514,HRL,2024022805000956,65,57,10.00,611.60,"6,116.00",2024-02-28
515,HRL,2024022805000959,57,58,10.00,611.50,"6,115.00",2024-02-28
516,HRL,2024022805000960,55,58,20.00,611.50,"12,230.00",2024-02-28
517,HRL,2024022805000965,55,42,10.00,611.50,"6,115.00",2024-02-28
518,HRL,2024022805000968,55,45,10.00,611.50,"6,115.00",2024-02-28
519,HRL,2024022805000973,55,52,10.00,611.50,"6,115.00",2024-02-28
520,HRL,2024022805000974,65,52,10.00,611.60,"6,116.00",2024-02-28
521,HRL,2024022805000975,65,32,10.00,611.60,"6,116.00",2024-02-28
522,HRL,2024022805000976,65,38,10.00,612.00,"6,120.00",2024-02-28
523,HRL,2024022805000977,65,52,10.00,612.00,"6,120.00",2024-02-28
524,HRL,2024022805000978,65,58,10.00,612.00,"6,120.00",2024-02-28
525,HRL,2024022805000979,65,38,20.00,612.00,"12,240.00",2024-02-28
526,HRL,2024022805000980,65,52,30.00,612.00,"18,360.00",2024-02-28
527,HRL,2024022805000981,55,58,10.00,611.50,"6,115.00",2024-02-28
528,HRL,2024022805000982,55,6,10.00,611.50,"6,115.00",2024-02-28
529,HRL,2024022805000984,55,52,20.00,611.50,"12,230.00",2024-02-28
530,HRL,2024022805000989,57,52,10.00,612.00,"6,120.00",2024-02-28
531,HRL,2024022805000991,55,58,10.00,611.50,"6,115.00",2024-02-28
532,HRL,2024022805000992,55,6,10.00,611.50,"6,115.00",2024-02-28
533,HRL,2024022805000998,22,14,10.00,611.50,"6,115.00",2024-02-28
534,HRL,2024022805001001,57,43,11.00,612.00,"6,732.00",2024-02-28
535,HRL,2024022805001004,22,49,20.00,611.50,"12,230.00",2024-02-28
536,HRL,2024022805001006,22,70,20.00,611.50,"12,230.00",2024-02-28
537,HRL,2024022805001007,10,57,10.00,611.40,"6,114.00",2024-02-28
538,HRL,2024022805001009,58,39,10.00,611.50,"6,115.00",2024-02-28
539,HRL,2024022805001011,58,61,10.00,611.50,"6,115.00",2024-02-28
540,HRL,2024022805001013,58,58,20.00,611.50,"12,230.00",2024-02-28
541,HRL,2024022805001014,58,45,10.00,611.50,"6,115.00",2024-02-28
542,HRL,2024022805001017,56,35,20.00,612.00,"12,240.00",2024-02-28
543,HRL,2024022805001018,56,59,30.00,612.00,"18,360.00",2024-02-28
544,HRL,2024022805001019,56,57,10.00,612.00,"6,120.00",2024-02-28
545,HRL,2024022805001020,56,51,10.00,612.00,"6,120.00",2024-02-28
546,HRL,2024022805001021,56,45,10.00,612.00,"6,120.00",2024-02-28
547,HRL,2024022805001022,56,58,10.00,612.00,"6,120.00",2024-02-28
548,HRL,2024022805001023,56,21,10.00,612.00,"6,120.00",2024-02-28
549,HRL,2024022805001029,35,35,10.00,612.00,"6,120.00",2024-02-28
550,HRL,2024022805001033,35,35,10.00,612.00,"6,120.00",2024-02-28
551,HRL,2024022805001034,26,52,20.00,612.10,"12,242.00",2024-02-28
552,HRL,2024022805001036,26,45,10.00,612.10,"6,121.00",2024-02-28
553,HRL,2024022805001037,26,42,10.00,612.10,"6,121.00",2024-02-28
554,HRL,2024022805001038,38,38,5.00,600.10,"3,000.50",2024-02-28
555,HRL,2024022805001046,26,58,10.00,612.10,"6,121.00",2024-02-28
556,HRL,2024022805001047,26,21,30.00,612.10,"18,363.00",2024-02-28
557,HRL,2024022805001051,26,4,20.00,612.10,"12,242.00",2024-02-28
558,HRL,2024022805001056,26,42,10.00,611.60,"6,116.00",2024-02-28
559,HRL,2024022805001058,26,35,20.00,611.60,"12,232.00",2024-02-28
560,HRL,2024022805001059,26,49,10.00,611.60,"6,116.00",2024-02-28
561,HRL,2024022805001061,26,42,10.00,611.60,"6,116.00",2024-02-28
562,HRL,2024022805001062,26,58,20.00,611.60,"12,232.00",2024-02-28
563,HRL,2024022805001063,26,57,10.00,611.60,"6,116.00",2024-02-28
564,HRL,2024022805001064,26,52,20.00,611.60,"12,232.00",2024-02-28
565,HRL,2024022805001065,58,49,20.00,611.50,"12,230.00",2024-02-28
566,HRL,2024022805001069,17,58,10.00,612.00,"6,120.00",2024-02-28
567,HRL,2024022805001070,17,50,20.00,612.00,"12,240.00",2024-02-28
568,HRL,2024022805001071,17,25,10.00,612.00,"6,120.00",2024-02-28
569,HRL,2024022805001072,17,49,10.00,612.90,"6,129.00",2024-02-28
570,HRL,2024022805001073,17,35,10.00,613.00,"6,130.00",2024-02-28
571,HRL,2024022805001074,17,58,100.00,613.00,"61,300.00",2024-02-28
572,HRL,2024022805001075,17,45,20.00,613.00,"12,260.00",2024-02-28
573,HRL,2024022805001076,17,58,10.00,613.00,"6,130.00",2024-02-28
574,HRL,2024022805001077,17,21,10.00,613.00,"6,130.00",2024-02-28
575,HRL,2024022805001078,17,58,10.00,613.00,"6,130.00",2024-02-28
576,HRL,2024022805001079,17,55,10.00,613.00,"6,130.00",2024-02-28
577,HRL,2024022805001080,17,35,20.00,613.00,"12,260.00",2024-02-28
578,HRL,2024022805001081,17,58,40.00,613.50,"24,540.00",2024-02-28
579,HRL,2024022805001082,16,77,10.00,611.70,"6,117.00",2024-02-28
580,HRL,2024022805001083,16,44,20.00,611.80,"12,236.00",2024-02-28
581,HRL,2024022805001084,45,49,20.00,612.00,"12,240.00",2024-02-28
582,HRL,2024022805001087,45,32,20.00,612.00,"12,240.00",2024-02-28
583,HRL,2024022805001092,16,3,7.00,612.00,"4,284.00",2024-02-28
584,HRL,2024022805001093,45,44,20.00,612.00,"12,240.00",2024-02-28
585,HRL,2024022805001094,45,52,20.00,612.00,"12,240.00",2024-02-28
586,HRL,2024022805001096,45,38,20.00,612.00,"12,240.00",2024-02-28
587,HRL,2024022805001098,16,36,10.00,611.80,"6,118.00",2024-02-28
588,HRL,2024022805001106,58,38,10.00,612.00,"6,120.00",2024-02-28
589,HRL,2024022805001109,37,34,10.00,611.90,"6,119.00",2024-02-28
590,HRL,2024022805001112,37,58,10.00,611.90,"6,119.00",2024-02-28
591,HRL,2024022805001113,37,51,100.00,611.90,"61,190.00",2024-02-28
592,HRL,2024022805001114,37,45,20.00,611.90,"12,238.00",2024-02-28
593,HRL,2024022805001115,37,59,30.00,611.90,"18,357.00",2024-02-28
594,HRL,2024022805001116,77,45,100.00,612.00,"61,200.00",2024-02-28
595,HRL,2024022805001118,37,49,10.00,611.90,"6,119.00",2024-02-28
596,HRL,2024022805001123,3,16,20.00,612.00,"12,240.00",2024-02-28
597,HRL,2024022805001124,3,7,30.00,612.00,"18,360.00",2024-02-28
598,HRL,2024022805001126,37,6,20.00,611.90,"12,238.00",2024-02-28
599,HRL,2024022805001128,37,58,10.00,611.90,"6,119.00",2024-02-28
600,HRL,2024022805001129,37,52,30.00,611.90,"18,357.00",2024-02-28
601,HRL,2024022805001130,37,41,30.00,611.90,"18,357.00",2024-02-28
602,HRL,2024022805001132,77,14,20.00,612.00,"12,240.00",2024-02-28
603,HRL,2024022805001133,37,45,20.00,611.90,"12,238.00",2024-02-28
604,HRL,2024022805001134,37,58,10.00,611.90,"6,119.00",2024-02-28
605,HRL,2024022805001135,37,39,10.00,611.90,"6,119.00",2024-02-28
606,HRL,2024022805001136,29,49,10.00,612.00,"6,120.00",2024-02-28
607,HRL,2024022805001137,29,57,10.00,612.00,"6,120.00",2024-02-28
608,HRL,2024022805001138,29,58,10.00,612.00,"6,120.00",2024-02-28
609,HRL,2024022805001139,29,44,20.00,612.00,"12,240.00",2024-02-28
610,HRL,2024022805001140,29,14,20.00,612.00,"12,240.00",2024-02-28
611,HRL,2024022805001144,29,52,20.00,612.00,"12,240.00",2024-02-28
612,HRL,2024022805001145,29,45,20.00,612.00,"12,240.00",2024-02-28
613,HRL,2024022805001146,29,58,10.00,612.00,"6,120.00",2024-02-28
614,HRL,2024022805001147,29,58,10.00,612.00,"6,120.00",2024-02-28
615,HRL,2024022805001149,26,34,10.00,612.10,"6,121.00",2024-02-28
616,HRL,2024022805001151,26,38,10.00,612.10,"6,121.00",2024-02-28
617,HRL,2024022805001153,26,58,20.00,612.10,"12,242.00",2024-02-28
618,HRL,2024022805001154,26,41,60.00,612.10,"36,726.00",2024-02-28
619,HRL,2024022805001155,77,41,80.00,612.10,"48,968.00",2024-02-28
620,HRL,2024022805001156,29,41,180.00,612.00,"110,160.00",2024-02-28
621,HRL,2024022805001157,29,32,20.00,612.00,"12,240.00",2024-02-28
622,HRL,2024022805001158,34,58,10.00,612.20,"6,122.00",2024-02-28
623,HRL,2024022805001160,34,34,20.00,612.20,"12,244.00",2024-02-28
624,HRL,2024022805001162,1,49,10.00,612.50,"6,125.00",2024-02-28
625,HRL,2024022805001163,1,49,10.00,613.00,"6,130.00",2024-02-28
626,HRL,2024022805001164,1,69,20.00,613.00,"12,260.00",2024-02-28
627,HRL,2024022805001165,1,48,10.00,613.00,"6,130.00",2024-02-28
628,HRL,2024022805001166,34,41,30.00,612.20,"18,366.00",2024-02-28
629,HRL,2024022805001167,34,52,20.00,612.20,"12,244.00",2024-02-28
630,HRL,2024022805001174,49,54,20.00,613.00,"12,260.00",2024-02-28
631,HRL,2024022805001175,49,16,30.00,613.00,"18,390.00",2024-02-28
632,HRL,2024022805001176,49,58,10.00,613.00,"6,130.00",2024-02-28
633,HRL,2024022805001177,49,45,20.00,613.00,"12,260.00",2024-02-28
634,HRL,2024022805001178,29,59,10.00,612.00,"6,120.00",2024-02-28
635,HRL,2024022805001180,49,42,10.00,612.10,"6,121.00",2024-02-28
636,HRL,2024022805001181,29,45,20.00,612.00,"12,240.00",2024-02-28
637,HRL,2024022805001182,29,58,10.00,612.00,"6,120.00",2024-02-28
638,HRL,2024022805001183,29,45,20.00,612.00,"12,240.00",2024-02-28
639,HRL,2024022805001184,29,52,20.00,612.00,"12,240.00",2024-02-28
640,HRL,2024022805001185,58,52,20.00,612.10,"12,242.00",2024-02-28
641,HRL,2024022805001187,58,6,30.00,612.10,"18,363.00",2024-02-28
642,HRL,2024022805001190,29,42,11.00,612.00,"6,732.00",2024-02-28
643,HRL,2024022805001196,29,13,10.00,612.00,"6,120.00",2024-02-28
644,HRL,2024022805001198,29,58,10.00,612.00,"6,120.00",2024-02-28
645,HRL,2024022805001200,29,35,10.00,612.00,"6,120.00",2024-02-28
646,HRL,2024022805001201,29,58,10.00,612.00,"6,120.00",2024-02-28
647,HRL,2024022805001206,49,21,10.00,612.10,"6,121.00",2024-02-28
648,HRL,2024022805001207,49,58,10.00,612.10,"6,121.00",2024-02-28
649,HRL,2024022805001208,49,17,10.00,612.10,"6,121.00",2024-02-28
650,HRL,2024022805001215,49,52,20.00,612.10,"12,242.00",2024-02-28
651,HRL,2024022805001216,49,58,10.00,612.10,"6,121.00",2024-02-28
652,HRL,2024022805001218,29,58,10.00,612.00,"6,120.00",2024-02-28
653,HRL,2024022805001219,29,49,20.00,612.00,"12,240.00",2024-02-28
654,HRL,2024022805001220,29,43,9.00,612.00,"5,508.00",2024-02-28
655,HRL,2024022805001223,3,59,10.00,612.00,"6,120.00",2024-02-28
656,HRL,2024022805001225,3,58,10.00,612.00,"6,120.00",2024-02-28
657,HRL,2024022805001226,77,42,20.00,612.10,"12,242.00",2024-02-28
658,HRL,2024022805001227,77,10,10.00,612.10,"6,121.00",2024-02-28
659,HRL,2024022805001228,3,56,20.00,612.00,"12,240.00",2024-02-28
660,HRL,2024022805001229,3,35,10.00,612.00,"6,120.00",2024-02-28
661,HRL,2024022805001230,58,58,10.00,612.00,"6,120.00",2024-02-28
662,HRL,2024022805001231,86,57,30.00,612.10,"18,363.00",2024-02-28
663,HRL,2024022805001236,86,42,10.00,612.10,"6,121.00",2024-02-28
664,HRL,2024022805001237,42,35,10.00,613.00,"6,130.00",2024-02-28
665,HRL,2024022805001238,86,58,10.00,612.10,"6,121.00",2024-02-28
666,HRL,2024022805001239,86,48,10.00,612.10,"6,121.00",2024-02-28
667,HRL,2024022805001243,86,7,10.00,612.10,"6,121.00",2024-02-28
668,HRL,2024022805001244,86,39,10.00,612.10,"6,121.00",2024-02-28
669,HRL,2024022805001245,86,45,20.00,612.10,"12,242.00",2024-02-28
670,HRL,2024022805001246,77,58,20.00,612.20,"12,244.00",2024-02-28
671,HRL,2024022805001248,86,26,20.00,612.10,"12,242.00",2024-02-28
672,HRL,2024022805001249,86,22,10.00,612.10,"6,121.00",2024-02-28
673,HRL,2024022805001251,55,21,20.00,612.20,"12,244.00",2024-02-28
674,HRL,2024022805001252,55,49,10.00,612.20,"6,122.00",2024-02-28
675,HRL,2024022805001258,55,56,10.00,612.20,"6,122.00",2024-02-28
676,HRL,2024022805001259,39,36,20.00,613.00,"12,260.00",2024-02-28
677,HRL,2024022805001260,39,21,20.00,613.00,"12,260.00",2024-02-28
678,HRL,2024022805001261,39,44,20.00,613.00,"12,260.00",2024-02-28
679,HRL,2024022805001264,39,58,10.00,613.00,"6,130.00",2024-02-28
680,HRL,2024022805001266,39,58,20.00,613.00,"12,260.00",2024-02-28
681,HRL,2024022805001267,38,57,10.00,613.10,"6,131.00",2024-02-28
682,HRL,2024022805001269,38,36,10.00,613.10,"6,131.00",2024-02-28
683,HRL,2024022805001270,38,35,10.00,613.10,"6,131.00",2024-02-28
684,HRL,2024022805001272,38,39,10.00,613.10,"6,131.00",2024-02-28
685,HRL,2024022805001273,8,51,10.00,613.40,"6,134.00",2024-02-28
686,HRL,2024022805001274,8,38,10.00,613.40,"6,134.00",2024-02-28
687,HRL,2024022805001275,8,58,60.00,613.50,"36,810.00",2024-02-28
688,HRL,2024022805001276,8,25,10.00,613.50,"6,135.00",2024-02-28
689,HRL,2024022805001277,38,42,10.00,613.10,"6,131.00",2024-02-28
690,HRL,2024022805001278,38,56,30.00,613.10,"18,393.00",2024-02-28
691,HRL,2024022805001279,38,35,10.00,613.10,"6,131.00",2024-02-28
692,HRL,2024022805001281,38,49,10.00,613.10,"6,131.00",2024-02-28
693,HRL,2024022805001282,39,42,20.00,613.00,"12,260.00",2024-02-28
694,HRL,2024022805001283,39,44,20.00,613.00,"12,260.00",2024-02-28
695,HRL,2024022805001284,39,13,20.00,613.00,"12,260.00",2024-02-28
696,HRL,2024022805001285,86,39,10.00,612.30,"6,123.00",2024-02-28
697,HRL,2024022805001288,86,8,60.00,612.30,"36,738.00",2024-02-28
698,HRL,2024022805001289,3,8,35.00,612.10,"21,423.50",2024-02-28
699,HRL,2024022805001291,3,22,10.00,612.10,"6,121.00",2024-02-28
700,HRL,2024022805001294,58,56,20.00,612.00,"12,240.00",2024-02-28
701,HRL,2024022805001295,58,56,10.00,612.00,"6,120.00",2024-02-28
702,HRL,2024022805001297,58,42,10.00,612.00,"6,120.00",2024-02-28
703,HRL,2024022805001305,58,19,10.00,612.00,"6,120.00",2024-02-28
704,HRL,2024022805001307,58,67,440.00,612.00,"269,280.00",2024-02-28
705,HRL,2024022805001308,45,67,60.00,612.00,"36,720.00",2024-02-28
706,HRL,2024022805001309,45,45,20.00,612.00,"12,240.00",2024-02-28
707,HRL,2024022805001310,45,22,10.00,612.00,"6,120.00",2024-02-28
708,HRL,2024022805001312,55,21,19.00,612.00,"11,628.00",2024-02-28
709,HRL,2024022805001315,55,41,10.00,612.00,"6,120.00",2024-02-28
710,HRL,2024022805001316,55,38,10.00,612.00,"6,120.00",2024-02-28
711,HRL,2024022805001319,55,4,20.00,612.00,"12,240.00",2024-02-28
712,HRL,2024022805001321,55,16,10.00,612.00,"6,120.00",2024-02-28
713,HRL,2024022805001323,55,45,10.00,612.00,"6,120.00",2024-02-28
714,HRL,2024022805001326,55,58,30.00,612.00,"18,360.00",2024-02-28
715,HRL,2024022805001332,55,25,10.00,612.00,"6,120.00",2024-02-28
716,HRL,2024022805001334,34,13,10.00,613.00,"6,130.00",2024-02-28
717,HRL,2024022805001335,34,34,10.00,613.00,"6,130.00",2024-02-28
718,HRL,2024022805001336,34,35,20.00,613.00,"12,260.00",2024-02-28
719,HRL,2024022805001337,34,55,60.00,613.00,"36,780.00",2024-02-28
720,HRL,2024022805001338,34,58,10.00,613.00,"6,130.00",2024-02-28
721,HRL,2024022805001339,34,58,10.00,613.00,"6,130.00",2024-02-28
722,HRL,2024022805001340,34,49,30.00,613.00,"18,390.00",2024-02-28
723,HRL,2024022805001341,34,57,10.00,613.00,"6,130.00",2024-02-28
724,HRL,2024022805001342,55,57,90.00,612.00,"55,080.00",2024-02-28
725,HRL,2024022805001344,55,18,30.00,612.00,"18,360.00",2024-02-28
726,HRL,2024022805001347,55,17,20.00,612.00,"12,240.00",2024-02-28
727,HRL,2024022805001348,55,34,10.00,612.00,"6,120.00",2024-02-28
728,HRL,2024022805001349,55,5,20.00,612.00,"12,240.00",2024-02-28
729,HRL,2024022805001351,55,28,10.00,612.00,"6,120.00",2024-02-28
730,HRL,2024022805001352,34,1,10.00,613.00,"6,130.00",2024-02-28
731,HRL,2024022805001353,19,28,10.00,612.00,"6,120.00",2024-02-28
732,HRL,2024022805001361,19,4,10.00,612.00,"6,120.00",2024-02-28
733,HRL,2024022805001362,68,7,100.00,613.00,"61,300.00",2024-02-28
734,HRL,2024022805001363,34,7,30.00,613.00,"18,390.00",2024-02-28
735,HRL,2024022805001368,40,7,20.00,613.00,"12,260.00",2024-02-28
736,HRL,2024022805001369,40,42,10.00,613.00,"6,130.00",2024-02-28
737,HRL,2024022805001371,34,49,10.00,613.50,"6,135.00",2024-02-28
738,HRL,2024022805001372,34,39,10.00,613.50,"6,135.00",2024-02-28
739,HRL,2024022805001376,40,58,10.00,613.00,"6,130.00",2024-02-28
740,HRL,2024022805001377,40,49,10.00,613.00,"6,130.00",2024-02-28
741,HRL,2024022805001378,40,49,10.00,613.00,"6,130.00",2024-02-28
742,HRL,2024022805001379,56,57,99.00,613.90,"60,776.10",2024-02-28
743,HRL,2024022805001385,56,33,11.00,613.90,"6,752.90",2024-02-28
744,HRL,2024022805001386,40,52,20.00,613.00,"12,260.00",2024-02-28
745,HRL,2024022805001398,40,6,10.00,613.00,"6,130.00",2024-02-28
746,HRL,2024022805001399,40,57,10.00,613.00,"6,130.00",2024-02-28
747,HRL,2024022805001401,40,21,20.00,613.00,"12,260.00",2024-02-28
748,HRL,2024022805001402,77,45,20.00,612.10,"12,242.00",2024-02-28
749,HRL,2024022805001409,77,55,10.00,612.10,"6,121.00",2024-02-28
750,HRL,2024022805001410,77,42,10.00,612.10,"6,121.00",2024-02-28
751,HRL,2024022805001413,77,29,30.00,612.10,"18,363.00",2024-02-28
752,HRL,2024022805001415,77,52,10.00,612.10,"6,121.00",2024-02-28
753,HRL,2024022805001419,77,58,10.00,612.10,"6,121.00",2024-02-28
754,HRL,2024022805001420,77,58,10.00,612.50,"6,125.00",2024-02-28
755,HRL,2024022805001421,77,58,10.00,612.10,"6,121.00",2024-02-28
756,HRL,2024022805001422,56,94,10.00,613.00,"6,130.00",2024-02-28
757,HRL,2024022805001423,56,44,80.00,613.00,"49,040.00",2024-02-28
758,HRL,2024022805001425,32,47,10.00,612.20,"6,122.00",2024-02-28
759,HRL,2024022805001426,77,7,10.00,612.30,"6,123.00",2024-02-28
760,HRL,2024022805001427,77,36,90.00,612.30,"55,107.00",2024-02-28
761,HRL,2024022805001428,32,36,190.00,612.20,"116,318.00",2024-02-28
762,HRL,2024022805001429,37,36,600.00,612.20,"367,320.00",2024-02-28
763,HRL,2024022805001430,71,36,"1,000.00",612.10,"612,100.00",2024-02-28
764,HRL,2024022805001431,55,36,120.00,612.10,"73,452.00",2024-02-28
765,HRL,2024022805001433,62,58,10.00,613.00,"6,130.00",2024-02-28
766,HRL,2024022805001434,62,19,10.00,613.00,"6,130.00",2024-02-28
767,HRL,2024022805001435,55,94,10.00,612.10,"6,121.00",2024-02-28
768,HRL,2024022805001443,16,21,10.00,612.30,"6,123.00",2024-02-28
769,HRL,2024022805001444,16,42,10.00,612.30,"6,123.00",2024-02-28
770,HRL,2024022805001445,58,19,20.00,613.00,"12,260.00",2024-02-28
771,HRL,2024022805001446,58,42,20.00,613.00,"12,260.00",2024-02-28
772,HRL,2024022805001450,41,42,20.00,613.00,"12,260.00",2024-02-28
773,HRL,2024022805001451,41,58,10.00,613.00,"6,130.00",2024-02-28
774,HRL,2024022805001452,41,58,10.00,613.00,"6,130.00",2024-02-28
775,HRL,2024022805001453,41,49,10.00,613.00,"6,130.00",2024-02-28
776,HRL,2024022805001454,41,8,10.00,613.00,"6,130.00",2024-02-28
777,HRL,2024022805001459,41,41,10.00,613.00,"6,130.00",2024-02-28
778,HRL,2024022805001460,41,47,10.00,613.00,"6,130.00",2024-02-28
779,HRL,2024022805001461,41,55,20.00,613.00,"12,260.00",2024-02-28
780,HRL,2024022805001462,77,49,10.00,612.40,"6,124.00",2024-02-28
781,HRL,2024022805001467,58,54,10.00,613.00,"6,130.00",2024-02-28
782,HRL,2024022805001468,58,32,10.00,614.00,"6,140.00",2024-02-28
783,HRL,2024022805001469,58,13,40.00,614.00,"24,560.00",2024-02-28
784,HRL,2024022805001470,58,8,10.00,614.00,"6,140.00",2024-02-28
785,HRL,2024022805001471,58,35,10.00,614.00,"6,140.00",2024-02-28
786,HRL,2024022805001472,58,58,100.00,614.00,"61,400.00",2024-02-28
787,HRL,2024022805001473,58,35,10.00,614.00,"6,140.00",2024-02-28
788,HRL,2024022805001474,58,47,10.00,614.00,"6,140.00",2024-02-28
789,HRL,2024022805001475,58,35,30.00,614.00,"18,420.00",2024-02-28
790,HRL,2024022805001476,58,49,10.00,614.00,"6,140.00",2024-02-28
791,HRL,2024022805001477,58,58,30.00,614.00,"18,420.00",2024-02-28
792,HRL,2024022805001478,58,48,10.00,614.00,"6,140.00",2024-02-28
793,HRL,2024022805001479,58,58,10.00,614.00,"6,140.00",2024-02-28
794,HRL,2024022805001480,58,18,510.00,614.00,"313,140.00",2024-02-28
795,HRL,2024022805001487,1,45,10.00,612.50,"6,125.00",2024-02-28
796,HRL,2024022805001497,77,35,20.00,612.70,"12,254.00",2024-02-28
797,HRL,2024022805001502,58,18,490.00,614.00,"300,860.00",2024-02-28
798,HRL,2024022805001503,58,34,30.00,614.00,"18,420.00",2024-02-28
799,HRL,2024022805001504,58,16,20.00,614.00,"12,280.00",2024-02-28
800,HRL,2024022805001505,58,16,100.00,614.00,"61,400.00",2024-02-28
801,HRL,2024022805001506,58,22,10.00,614.00,"6,140.00",2024-02-28
802,HRL,2024022805001507,58,39,10.00,614.00,"6,140.00",2024-02-28
803,HRL,2024022805001508,58,52,10.00,614.00,"6,140.00",2024-02-28
804,HRL,2024022805001509,58,22,10.00,614.00,"6,140.00",2024-02-28
805,HRL,2024022805001510,58,42,10.00,614.00,"6,140.00",2024-02-28
806,HRL,2024022805001511,58,34,20.00,614.00,"12,280.00",2024-02-28
807,HRL,2024022805001512,58,35,10.00,614.00,"6,140.00",2024-02-28
808,HRL,2024022805001513,58,22,10.00,614.00,"6,140.00",2024-02-28
809,HRL,2024022805001514,58,70,30.00,614.00,"18,420.00",2024-02-28
810,HRL,2024022805001517,58,32,10.00,613.00,"6,130.00",2024-02-28
811,HRL,2024022805001518,77,3,10.00,612.70,"6,127.00",2024-02-28
812,HRL,2024022805001521,77,3,10.00,612.70,"6,127.00",2024-02-28
813,HRL,2024022805001522,77,32,20.00,613.00,"12,260.00",2024-02-28
814,HRL,2024022805001523,1,33,10.00,612.50,"6,125.00",2024-02-28
815,HRL,2024022805001526,1,55,10.00,612.50,"6,125.00",2024-02-28
816,HRL,2024022805001529,1,56,20.00,612.50,"12,250.00",2024-02-28
817,HRL,2024022805001530,1,34,10.00,612.50,"6,125.00",2024-02-28
818,HRL,2024022805001531,45,4,10.00,613.00,"6,130.00",2024-02-28
819,HRL,2024022805001532,45,58,10.00,614.50,"6,145.00",2024-02-28
820,HRL,2024022805001533,45,57,10.00,614.50,"6,145.00",2024-02-28
821,HRL,2024022805001534,45,60,500.00,614.50,"307,250.00",2024-02-28
822,HRL,2024022805001535,45,56,10.00,614.80,"6,148.00",2024-02-28
823,HRL,2024022805001536,45,56,10.00,614.80,"6,148.00",2024-02-28
824,HRL,2024022805001537,45,56,10.00,614.80,"6,148.00",2024-02-28
825,HRL,2024022805001538,45,58,10.00,614.90,"6,149.00",2024-02-28
826,HRL,2024022805001539,45,48,20.00,614.90,"12,298.00",2024-02-28
827,HRL,2024022805001540,45,51,30.00,614.90,"18,447.00",2024-02-28
828,HRL,2024022805001541,45,34,20.00,614.90,"12,298.00",2024-02-28
829,HRL,2024022805001542,45,1,200.00,614.90,"122,980.00",2024-02-28
830,HRL,2024022805001543,45,35,20.00,615.00,"12,300.00",2024-02-28
831,HRL,2024022805001544,45,58,20.00,615.00,"12,300.00",2024-02-28
832,HRL,2024022805001545,45,17,10.00,615.00,"6,150.00",2024-02-28
833,HRL,2024022805001546,45,34,10.00,615.00,"6,150.00",2024-02-28
834,HRL,2024022805001547,45,58,10.00,615.00,"6,150.00",2024-02-28
835,HRL,2024022805001548,45,45,20.00,615.00,"12,300.00",2024-02-28
836,HRL,2024022805001549,45,58,10.00,615.00,"6,150.00",2024-02-28
837,HRL,2024022805001550,45,1,10.00,615.00,"6,150.00",2024-02-28
838,HRL,2024022805001551,45,49,10.00,615.00,"6,150.00",2024-02-28
839,HRL,2024022805001552,45,49,20.00,615.00,"12,300.00",2024-02-28
840,HRL,2024022805001553,45,52,10.00,615.00,"6,150.00",2024-02-28
841,HRL,2024022805001554,45,58,10.00,615.00,"6,150.00",2024-02-28
842,HRL,2024022805001555,45,65,"1,550.00",615.00,"953,250.00",2024-02-28
843,HRL,2024022805001556,45,49,30.00,615.00,"18,450.00",2024-02-28
844,HRL,2024022805001557,45,80,10.00,615.00,"6,150.00",2024-02-28
845,HRL,2024022805001558,45,40,10.00,615.00,"6,150.00",2024-02-28
846,HRL,2024022805001559,45,54,20.00,615.00,"12,300.00",2024-02-28
847,HRL,2024022805001560,45,58,10.00,615.00,"6,150.00",2024-02-28
848,HRL,2024022805001561,45,49,10.00,615.00,"6,150.00",2024-02-28
849,HRL,2024022805001562,45,76,"2,360.00",615.00,"1,451,400.00",2024-02-28
850,HRL,2024022805001567,45,32,10.00,613.00,"6,130.00",2024-02-28
851,HRL,2024022805001568,45,49,20.00,613.00,"12,260.00",2024-02-28
852,HRL,2024022805001569,45,52,30.00,614.80,"18,444.00",2024-02-28
853,HRL,2024022805001570,45,76,"4,940.00",615.00,"3,038,100.00",2024-02-28
854,HRL,2024022805001576,45,76,700.00,615.00,"430,500.00",2024-02-28
855,HRL,2024022805001577,45,58,10.00,615.00,"6,150.00",2024-02-28
856,HRL,2024022805001578,45,32,10.00,615.00,"6,150.00",2024-02-28
857,HRL,2024022805001579,45,28,10.00,615.00,"6,150.00",2024-02-28
858,HRL,2024022805001580,45,42,10.00,615.00,"6,150.00",2024-02-28
859,HRL,2024022805001581,45,58,10.00,615.00,"6,150.00",2024-02-28
860,HRL,2024022805001582,45,45,20.00,615.00,"12,300.00",2024-02-28
861,HRL,2024022805001583,45,51,10.00,615.00,"6,150.00",2024-02-28
862,HRL,2024022805001584,45,52,10.00,615.00,"6,150.00",2024-02-28
863,HRL,2024022805001585,45,49,10.00,615.00,"6,150.00",2024-02-28
864,HRL,2024022805001586,45,49,10.00,615.00,"6,150.00",2024-02-28
865,HRL,2024022805001587,45,49,20.00,615.00,"12,300.00",2024-02-28
866,HRL,2024022805001588,45,58,40.00,615.00,"24,600.00",2024-02-28
867,HRL,2024022805001589,45,14,10.00,615.00,"6,150.00",2024-02-28
868,HRL,2024022805001590,45,35,10.00,615.00,"6,150.00",2024-02-28
869,HRL,2024022805001591,45,42,10.00,615.00,"6,150.00",2024-02-28
870,HRL,2024022805001592,45,4,10.00,615.00,"6,150.00",2024-02-28
871,HRL,2024022805001593,45,56,10.00,615.00,"6,150.00",2024-02-28
872,HRL,2024022805001594,45,58,20.00,615.00,"12,300.00",2024-02-28
873,HRL,2024022805001595,45,25,150.00,615.00,"92,250.00",2024-02-28
874,HRL,2024022805001596,45,58,10.00,615.00,"6,150.00",2024-02-28
875,HRL,2024022805001597,45,94,500.00,615.00,"307,500.00",2024-02-28
876,HRL,2024022805001598,45,38,20.00,615.00,"12,300.00",2024-02-28
877,HRL,2024022805001599,45,52,20.00,615.00,"12,300.00",2024-02-28
878,HRL,2024022805001600,45,51,10.00,615.00,"6,150.00",2024-02-28
879,HRL,2024022805001601,45,10,20.00,615.00,"12,300.00",2024-02-28
880,HRL,2024022805001602,45,17,10.00,615.00,"6,150.00",2024-02-28
881,HRL,2024022805001603,45,41,20.00,615.00,"12,300.00",2024-02-28
882,HRL,2024022805001604,45,42,10.00,615.00,"6,150.00",2024-02-28
883,HRL,2024022805001605,45,14,10.00,615.00,"6,150.00",2024-02-28
884,HRL,2024022805001606,45,58,10.00,615.00,"6,150.00",2024-02-28
885,HRL,2024022805001607,45,52,10.00,615.00,"6,150.00",2024-02-28
886,HRL,2024022805001608,45,45,20.00,615.00,"12,300.00",2024-02-28
887,HRL,2024022805001609,45,35,20.00,615.00,"12,300.00",2024-02-28
888,HRL,2024022805001610,45,44,10.00,615.00,"6,150.00",2024-02-28
889,HRL,2024022805001611,45,4,20.00,615.00,"12,300.00",2024-02-28
890,HRL,2024022805001612,45,58,20.00,615.00,"12,300.00",2024-02-28
891,HRL,2024022805001613,45,7,10.00,615.00,"6,150.00",2024-02-28
892,HRL,2024022805001614,45,21,10.00,615.00,"6,150.00",2024-02-28
893,HRL,2024022805001615,45,58,10.00,615.00,"6,150.00",2024-02-28
894,HRL,2024022805001616,45,48,20.00,615.00,"12,300.00",2024-02-28
895,HRL,2024022805001617,45,34,10.00,615.00,"6,150.00",2024-02-28
896,HRL,2024022805001618,45,19,30.00,615.00,"18,450.00",2024-02-28
897,HRL,2024022805001619,45,4,10.00,615.00,"6,150.00",2024-02-28
898,HRL,2024022805001620,45,28,20.00,615.00,"12,300.00",2024-02-28
899,HRL,2024022805001621,45,49,10.00,615.00,"6,150.00",2024-02-28
900,HRL,2024022805001622,45,4,20.00,615.00,"12,300.00",2024-02-28
901,HRL,2024022805001623,45,4,10.00,615.00,"6,150.00",2024-02-28
902,HRL,2024022805001624,45,39,10.00,615.00,"6,150.00",2024-02-28
903,HRL,2024022805001626,77,61,20.00,613.00,"12,260.00",2024-02-28
904,HRL,2024022805001629,77,7,10.00,613.00,"6,130.00",2024-02-28
905,HRL,2024022805001630,77,61,20.00,613.00,"12,260.00",2024-02-28
906,HRL,2024022805001631,28,19,20.00,613.00,"12,260.00",2024-02-28
907,HRL,2024022805001633,56,45,10.00,613.00,"6,130.00",2024-02-28
908,HRL,2024022805001639,53,61,20.00,614.00,"12,280.00",2024-02-28
909,HRL,2024022805001640,38,19,10.00,615.00,"6,150.00",2024-02-28
910,HRL,2024022805001641,38,52,190.00,615.00,"116,850.00",2024-02-28
911,HRL,2024022805001642,53,61,20.00,614.00,"12,280.00",2024-02-28
912,HRL,2024022805001643,53,10,30.00,614.00,"18,420.00",2024-02-28
913,HRL,2024022805001644,53,34,30.00,614.00,"18,420.00",2024-02-28
914,HRL,2024022805001645,53,35,19.00,614.00,"11,666.00",2024-02-28
915,HRL,2024022805001647,38,38,3.00,605.00,"1,815.00",2024-02-28
916,HRL,2024022805001648,53,61,20.00,614.00,"12,280.00",2024-02-28
917,HRL,2024022805001649,53,61,20.00,614.00,"12,280.00",2024-02-28
918,HRL,2024022805001655,53,61,20.00,614.00,"12,280.00",2024-02-28
919,HRL,2024022805001656,53,48,10.00,614.00,"6,140.00",2024-02-28
920,HRL,2024022805001658,53,58,10.00,614.00,"6,140.00",2024-02-28
921,HRL,2024022805001659,53,58,20.00,614.00,"12,280.00",2024-02-28
922,HRL,2024022805001660,53,42,20.00,614.00,"12,280.00",2024-02-28
923,HRL,2024022805001661,53,8,10.00,614.00,"6,140.00",2024-02-28
924,HRL,2024022805001667,53,61,20.00,614.00,"12,280.00",2024-02-28
925,HRL,2024022805001668,53,42,20.00,614.00,"12,280.00",2024-02-28
926,HRL,2024022805001673,53,61,20.00,614.00,"12,280.00",2024-02-28
927,HRL,2024022805001674,53,61,20.00,614.00,"12,280.00",2024-02-28
928,HRL,2024022805001675,53,49,10.00,614.00,"6,140.00",2024-02-28
929,HRL,2024022805001677,53,58,20.00,614.00,"12,280.00",2024-02-28
930,HRL,2024022805001678,53,65,641.00,614.00,"393,574.00",2024-02-28
931,HRL,2024022805001679,28,65,20.00,614.00,"12,280.00",2024-02-28
932,HRL,2024022805001680,21,65,200.00,614.00,"122,800.00",2024-02-28
933,HRL,2024022805001689,57,61,20.00,613.10,"12,262.00",2024-02-28
934,HRL,2024022805001691,57,57,10.00,613.10,"6,131.00",2024-02-28
935,HRL,2024022805001697,57,84,70.00,613.10,"42,917.00",2024-02-28
936,HRL,2024022805001698,38,84,50.00,613.00,"30,650.00",2024-02-28
937,HRL,2024022805001699,1,84,140.00,612.50,"85,750.00",2024-02-28
938,HRL,2024022805001700,19,84,50.00,612.50,"30,625.00",2024-02-28
939,HRL,2024022805001701,58,84,50.00,612.50,"30,625.00",2024-02-28
940,HRL,2024022805001702,55,84,100.00,612.40,"61,240.00",2024-02-28
941,HRL,2024022805001703,38,84,200.00,612.40,"122,480.00",2024-02-28
942,HRL,2024022805001704,16,84,450.00,612.30,"275,535.00",2024-02-28
943,HRL,2024022805001705,81,84,590.00,612.30,"361,257.00",2024-02-28
944,HRL,2024022805001708,81,49,10.00,612.30,"6,123.00",2024-02-28
945,HRL,2024022805001716,81,61,20.00,612.30,"12,246.00",2024-02-28
946,HRL,2024022805001718,81,61,20.00,612.30,"12,246.00",2024-02-28
947,HRL,2024022805001723,81,61,20.00,612.30,"12,246.00",2024-02-28
948,HRL,2024022805001724,81,19,10.00,612.30,"6,123.00",2024-02-28
949,HRL,2024022805001726,81,35,20.00,612.30,"12,246.00",2024-02-28
950,HRL,2024022805001727,81,61,20.00,612.30,"12,246.00",2024-02-28
951,HRL,2024022805001729,81,61,20.00,612.30,"12,246.00",2024-02-28
952,HRL,2024022805001730,58,65,99.00,614.00,"60,786.00",2024-02-28
953,HRL,2024022805001731,58,32,10.00,614.00,"6,140.00",2024-02-28
954,HRL,2024022805001732,58,52,10.00,615.00,"6,150.00",2024-02-28
955,HRL,2024022805001733,58,49,10.00,615.00,"6,150.00",2024-02-28
956,HRL,2024022805001734,58,42,10.00,615.00,"6,150.00",2024-02-28
957,HRL,2024022805001735,58,21,30.00,615.00,"18,450.00",2024-02-28
958,HRL,2024022805001736,58,58,10.00,615.00,"6,150.00",2024-02-28
959,HRL,2024022805001737,58,41,10.00,615.00,"6,150.00",2024-02-28
960,HRL,2024022805001738,58,58,10.00,615.00,"6,150.00",2024-02-28
961,HRL,2024022805001739,58,45,10.00,615.00,"6,150.00",2024-02-28
962,HRL,2024022805001742,58,25,10.00,615.00,"6,150.00",2024-02-28
963,HRL,2024022805001744,58,61,20.00,615.00,"12,300.00",2024-02-28
964,HRL,2024022805001745,58,61,20.00,615.00,"12,300.00",2024-02-28
965,HRL,2024022805001746,58,47,10.00,615.00,"6,150.00",2024-02-28
966,HRL,2024022805001755,58,43,20.00,615.00,"12,300.00",2024-02-28
967,HRL,2024022805001756,58,61,20.00,615.00,"12,300.00",2024-02-28
968,HRL,2024022805001759,58,14,30.00,615.00,"18,450.00",2024-02-28
969,HRL,2024022805001763,58,58,10.00,615.00,"6,150.00",2024-02-28
970,HRL,2024022805001764,58,53,10.00,615.00,"6,150.00",2024-02-28
971,HRL,2024022805001765,58,42,10.00,615.00,"6,150.00",2024-02-28
972,HRL,2024022805001766,58,8,10.00,615.00,"6,150.00",2024-02-28
973,HRL,2024022805001767,58,36,20.00,615.00,"12,300.00",2024-02-28
974,HRL,2024022805001771,58,38,20.00,615.00,"12,300.00",2024-02-28
975,HRL,2024022805001772,40,57,10.00,615.50,"6,155.00",2024-02-28
976,HRL,2024022805001773,58,61,20.00,615.00,"12,300.00",2024-02-28
977,HRL,2024022805001774,58,49,10.00,615.00,"6,150.00",2024-02-28
978,HRL,2024022805001775,58,45,20.00,615.00,"12,300.00",2024-02-28
979,HRL,2024022805001776,58,42,30.00,615.00,"18,450.00",2024-02-28
980,HRL,2024022805001778,58,41,10.00,615.00,"6,150.00",2024-02-28
981,HRL,2024022805001779,58,58,191.00,615.00,"117,465.00",2024-02-28
982,HRL,2024022805001780,26,61,20.00,614.00,"12,280.00",2024-02-28
983,HRL,2024022805001781,44,58,10.00,612.50,"6,125.00",2024-02-28
984,HRL,2024022805001786,44,61,20.00,612.50,"12,250.00",2024-02-28
985,HRL,2024022805001788,44,14,10.00,612.50,"6,125.00",2024-02-28
986,HRL,2024022805001789,59,21,10.00,612.40,"6,124.00",2024-02-28
987,HRL,2024022805001790,59,61,20.00,612.40,"12,248.00",2024-02-28
988,HRL,2024022805001793,59,61,20.00,612.40,"12,248.00",2024-02-28
989,HRL,2024022805001794,7,35,20.00,612.40,"12,248.00",2024-02-28
990,HRL,2024022805001795,7,61,20.00,612.40,"12,248.00",2024-02-28
991,HRL,2024022805001796,7,61,20.00,612.40,"12,248.00",2024-02-28
992,HRL,2024022805001799,7,61,20.00,612.40,"12,248.00",2024-02-28
993,HRL,2024022805001807,58,58,20.00,613.00,"12,260.00",2024-02-28
994,HRL,2024022805001808,58,58,10.00,613.00,"6,130.00",2024-02-28
995,HRL,2024022805001809,58,36,10.00,613.00,"6,130.00",2024-02-28
996,HRL,2024022805001810,58,51,10.00,613.00,"6,130.00",2024-02-28
997,HRL,2024022805001811,58,58,10.00,613.00,"6,130.00",2024-02-28
998,HRL,2024022805001812,58,61,20.00,613.00,"12,260.00",2024-02-28
999,HRL,2024022805001813,58,45,10.00,613.00,"6,130.00",2024-02-28
1000,HRL,2024022805001814,58,61,20.00,613.00,"12,260.00",2024-02-28
1001,HRL,2024022805001817,58,45,10.00,613.00,"6,130.00",2024-02-28
1002,HRL,2024022805001821,53,61,20.00,613.10,"12,262.00",2024-02-28
1003,HRL,2024022805001822,53,61,20.00,613.10,"12,262.00",2024-02-28
1004,HRL,2024022805001823,53,61,10.00,613.10,"6,131.00",2024-02-28
1005,HRL,2024022805001824,58,61,10.00,613.00,"6,130.00",2024-02-28
1006,HRL,2024022805001828,58,61,20.00,613.00,"12,260.00",2024-02-28
1007,HRL,2024022805001829,58,17,10.00,613.00,"6,130.00",2024-02-28
1008,HRL,2024022805001834,58,61,20.00,613.00,"12,260.00",2024-02-28
1009,HRL,2024022805001836,58,48,20.00,613.00,"12,260.00",2024-02-28
1010,HRL,2024022805001837,58,61,20.00,613.00,"12,260.00",2024-02-28
1011,HRL,2024022805001839,58,49,10.00,613.00,"6,130.00",2024-02-28
1012,HRL,2024022805001840,58,8,10.00,613.00,"6,130.00",2024-02-28
1013,HRL,2024022805001843,58,25,10.00,613.00,"6,130.00",2024-02-28
1014,HRL,2024022805001844,58,61,20.00,613.00,"12,260.00",2024-02-28
1015,HRL,2024022805001845,58,32,250.00,613.00,"153,250.00",2024-02-28
1016,HRL,2024022805001846,58,35,20.00,613.00,"12,260.00",2024-02-28
1017,HRL,2024022805001847,58,61,20.00,613.00,"12,260.00",2024-02-28
1018,HRL,2024022805001848,58,51,10.00,613.00,"6,130.00",2024-02-28
1019,HRL,2024022805001851,58,61,20.00,613.00,"12,260.00",2024-02-28
1020,HRL,2024022805001852,58,16,10.00,613.00,"6,130.00",2024-02-28
1021,HRL,2024022805001856,7,61,20.00,612.40,"12,248.00",2024-02-28
1022,HRL,2024022805001858,7,61,20.00,612.40,"12,248.00",2024-02-28
1023,HRL,2024022805001859,7,52,10.00,612.40,"6,124.00",2024-02-28
1024,HRL,2024022805001860,7,57,10.00,612.40,"6,124.00",2024-02-28
1025,HRL,2024022805001863,53,61,20.00,612.50,"12,250.00",2024-02-28
1026,HRL,2024022805001865,53,61,20.00,612.50,"12,250.00",2024-02-28
1027,HRL,2024022805001866,53,58,10.00,612.50,"6,125.00",2024-02-28
1028,HRL,2024022805001867,53,6,10.00,612.50,"6,125.00",2024-02-28
1029,HRL,2024022805001868,53,61,20.00,612.50,"12,250.00",2024-02-28
1030,HRL,2024022805001869,33,16,20.00,613.00,"12,260.00",2024-02-28
1031,HRL,2024022805001870,33,34,10.00,613.00,"6,130.00",2024-02-28
1032,HRL,2024022805001875,53,61,20.00,612.50,"12,250.00",2024-02-28
1033,HRL,2024022805001877,53,61,20.00,612.50,"12,250.00",2024-02-28
1034,HRL,2024022805001878,53,45,10.00,612.50,"6,125.00",2024-02-28
1035,HRL,2024022805001879,53,45,10.00,612.50,"6,125.00",2024-02-28
1036,HRL,2024022805001880,25,34,10.00,613.00,"6,130.00",2024-02-28
1037,HRL,2024022805001881,53,61,20.00,612.50,"12,250.00",2024-02-28
1038,HRL,2024022805001883,53,22,10.00,612.50,"6,125.00",2024-02-28
1039,HRL,2024022805001884,53,18,20.00,612.50,"12,250.00",2024-02-28
1040,HRL,2024022805001885,53,61,10.00,612.50,"6,125.00",2024-02-28
1041,HRL,2024022805001886,7,61,10.00,612.40,"6,124.00",2024-02-28
1042,HRL,2024022805001887,7,61,20.00,612.40,"12,248.00",2024-02-28
1043,HRL,2024022805001891,7,61,20.00,612.40,"12,248.00",2024-02-28
1044,HRL,2024022805001893,7,61,20.00,612.40,"12,248.00",2024-02-28
1045,HRL,2024022805001895,7,45,10.00,612.40,"6,124.00",2024-02-28
1046,HRL,2024022805001897,7,61,20.00,612.40,"12,248.00",2024-02-28
1047,HRL,2024022805001899,7,41,10.00,612.40,"6,124.00",2024-02-28
1048,HRL,2024022805001900,7,61,20.00,612.40,"12,248.00",2024-02-28
1049,HRL,2024022805001901,7,58,20.00,612.40,"12,248.00",2024-02-28
1050,HRL,2024022805001903,7,61,20.00,612.40,"12,248.00",2024-02-28
1051,HRL,2024022805001904,7,61,20.00,612.40,"12,248.00",2024-02-28
1052,HRL,2024022805001905,7,16,10.00,612.40,"6,124.00",2024-02-28
1053,HRL,2024022805001906,7,93,40.00,612.40,"24,496.00",2024-02-28
1054,HRL,2024022805001907,7,61,20.00,612.40,"12,248.00",2024-02-28
1055,HRL,2024022805001908,7,56,10.00,612.40,"6,124.00",2024-02-28
1056,HRL,2024022805001909,7,58,20.00,612.40,"12,248.00",2024-02-28
1057,HRL,2024022805001910,7,61,20.00,612.40,"12,248.00",2024-02-28
1058,HRL,2024022805001911,7,58,20.00,612.40,"12,248.00",2024-02-28
1059,HRL,2024022805001912,7,51,10.00,612.40,"6,124.00",2024-02-28
1060,HRL,2024022805001913,7,61,20.00,612.40,"12,248.00",2024-02-28
1061,HRL,2024022805001914,7,61,20.00,612.40,"12,248.00",2024-02-28
1062,HRL,2024022805001915,7,58,10.00,612.40,"6,124.00",2024-02-28
1063,HRL,2024022805001916,7,58,20.00,612.40,"12,248.00",2024-02-28
1064,HRL,2024022805001917,7,61,20.00,612.40,"12,248.00",2024-02-28
1065,HRL,2024022805001918,7,61,20.00,612.40,"12,248.00",2024-02-28
1066,HRL,2024022805001919,7,8,10.00,612.40,"6,124.00",2024-02-28
1067,HRL,2024022805001920,7,29,10.00,612.40,"6,124.00",2024-02-28
1068,HRL,2024022805001921,7,61,20.00,612.40,"12,248.00",2024-02-28
1069,HRL,2024022805001922,7,61,20.00,612.40,"12,248.00",2024-02-28
1070,HRL,2024022805001923,7,35,20.00,612.40,"12,248.00",2024-02-28
1071,HRL,2024022805001924,7,61,20.00,612.40,"12,248.00",2024-02-28
1072,HRL,2024022805001925,7,61,20.00,612.40,"12,248.00",2024-02-28
1073,HRL,2024022805001926,7,61,20.00,612.40,"12,248.00",2024-02-28
1074,HRL,2024022805001927,7,61,20.00,612.40,"12,248.00",2024-02-28
1075,HRL,2024022805001929,7,61,20.00,612.40,"12,248.00",2024-02-28
1076,HRL,2024022805001930,7,38,10.00,612.40,"6,124.00",2024-02-28
1077,HRL,2024022805001931,7,58,10.00,612.40,"6,124.00",2024-02-28
1078,HRL,2024022805001934,7,61,20.00,612.40,"12,248.00",2024-02-28
1079,HRL,2024022805001935,7,49,30.00,612.40,"18,372.00",2024-02-28
1080,HRL,2024022805001936,7,38,10.00,612.40,"6,124.00",2024-02-28
1081,HRL,2024022805001938,7,58,20.00,612.40,"12,248.00",2024-02-28
1082,HRL,2024022805001939,7,35,20.00,612.40,"12,248.00",2024-02-28
1083,HRL,2024022805001941,7,61,10.00,612.40,"6,124.00",2024-02-28
1084,HRL,2024022805001942,81,61,10.00,612.30,"6,123.00",2024-02-28
1085,HRL,2024022805001945,52,61,20.00,612.40,"12,248.00",2024-02-28
1086,HRL,2024022805001946,52,45,10.00,612.40,"6,124.00",2024-02-28
1087,HRL,2024022805001948,52,61,20.00,612.40,"12,248.00",2024-02-28
1088,HRL,2024022805001949,52,61,10.00,612.40,"6,124.00",2024-02-28
1089,HRL,2024022805001950,81,61,10.00,612.30,"6,123.00",2024-02-28
1090,HRL,2024022805001951,81,61,10.00,612.30,"6,123.00",2024-02-28
1091,HRL,2024022805001952,81,75,10.00,612.30,"6,123.00",2024-02-28
1092,HRL,2024022805001953,81,61,20.00,612.30,"12,246.00",2024-02-28
1093,HRL,2024022805001958,81,61,20.00,612.30,"12,246.00",2024-02-28
1094,HRL,2024022805001959,81,61,20.00,612.30,"12,246.00",2024-02-28
1095,HRL,2024022805001960,81,61,20.00,612.30,"12,246.00",2024-02-28
1096,HRL,2024022805001961,26,45,10.00,613.00,"6,130.00",2024-02-28
1097,HRL,2024022805001962,81,17,150.00,612.30,"91,845.00",2024-02-28
1098,HRL,2024022805001963,37,61,20.00,612.30,"12,246.00",2024-02-28
1099,HRL,2024022805001966,37,61,20.00,612.30,"12,246.00",2024-02-28
1100,HRL,2024022805001970,37,42,10.00,612.30,"6,123.00",2024-02-28
1101,HRL,2024022805001971,37,29,10.00,612.30,"6,123.00",2024-02-28
1102,HRL,2024022805001972,37,22,10.00,612.30,"6,123.00",2024-02-28
1103,HRL,2024022805001973,37,58,10.00,612.30,"6,123.00",2024-02-28
1104,HRL,2024022805001974,37,38,30.00,612.30,"18,369.00",2024-02-28
1105,HRL,2024022805001977,26,58,10.00,613.00,"6,130.00",2024-02-28
1106,HRL,2024022805001979,37,38,30.00,612.30,"18,369.00",2024-02-28
1107,HRL,2024022805001980,37,38,30.00,612.30,"18,369.00",2024-02-28
1108,HRL,2024022805001981,37,58,10.00,612.30,"6,123.00",2024-02-28
1109,HRL,2024022805001982,37,7,220.00,612.30,"134,706.00",2024-02-28
1110,HRL,2024022805001983,55,7,300.00,612.30,"183,690.00",2024-02-28
1111,HRL,2024022805001984,94,7,"1,000.00",612.20,"612,200.00",2024-02-28
1112,HRL,2024022805001985,55,7,"2,805.00",612.20,"1,717,221.00",2024-02-28
1113,HRL,2024022805001986,55,38,30.00,612.20,"18,366.00",2024-02-28
1114,HRL,2024022805001987,55,45,20.00,612.20,"12,244.00",2024-02-28
1115,HRL,2024022805001988,26,34,10.00,613.00,"6,130.00",2024-02-28
1116,HRL,2024022805001989,55,38,30.00,612.20,"18,366.00",2024-02-28
1117,HRL,2024022805001990,55,22,10.00,612.20,"6,122.00",2024-02-28
1118,HRL,2024022805001992,55,38,30.00,612.20,"18,366.00",2024-02-28
1119,HRL,2024022805001993,55,36,10.00,612.20,"6,122.00",2024-02-28
1120,HRL,2024022805001994,55,58,10.00,612.20,"6,122.00",2024-02-28
1121,HRL,2024022805001995,55,38,30.00,612.20,"18,366.00",2024-02-28
1122,HRL,2024022805001997,55,38,30.00,612.20,"18,366.00",2024-02-28
1123,HRL,2024022805001999,55,52,20.00,612.20,"12,244.00",2024-02-28
1124,HRL,2024022805002000,59,58,10.00,612.30,"6,123.00",2024-02-28
1125,HRL,2024022805002002,59,38,30.00,612.30,"18,369.00",2024-02-28
1126,HRL,2024022805002003,59,17,20.00,612.30,"12,246.00",2024-02-28
1127,HRL,2024022805002004,59,58,20.00,612.30,"12,246.00",2024-02-28
1128,HRL,2024022805002005,59,57,10.00,612.30,"6,123.00",2024-02-28
1129,HRL,2024022805002006,59,38,10.00,612.30,"6,123.00",2024-02-28
1130,HRL,2024022805002007,26,52,10.00,612.90,"6,129.00",2024-02-28
1131,HRL,2024022805002021,59,58,20.00,612.30,"12,246.00",2024-02-28
1132,HRL,2024022805002022,59,63,20.00,612.30,"12,246.00",2024-02-28
1133,HRL,2024022805002025,59,14,495.00,612.30,"303,088.50",2024-02-28
1134,HRL,2024022805002028,54,28,10.00,612.90,"6,129.00",2024-02-28
1135,HRL,2024022805002029,54,34,20.00,613.00,"12,260.00",2024-02-28
1136,HRL,2024022805002030,54,19,10.00,613.00,"6,130.00",2024-02-28
1137,HRL,2024022805002031,54,8,10.00,613.00,"6,130.00",2024-02-28
1138,HRL,2024022805002032,54,45,10.00,613.00,"6,130.00",2024-02-28
1139,HRL,2024022805002033,54,37,20.00,613.00,"12,260.00",2024-02-28
1140,HRL,2024022805002034,54,22,20.00,613.00,"12,260.00",2024-02-28
1141,HRL,2024022805002035,7,58,20.00,612.40,"12,248.00",2024-02-28
1142,HRL,2024022805002036,59,3,210.00,612.30,"128,583.00",2024-02-28
1143,HRL,2024022805002037,59,38,10.00,612.30,"6,123.00",2024-02-28
1144,HRL,2024022805002038,59,14,30.00,612.30,"18,369.00",2024-02-28
1145,HRL,2024022805002039,26,38,20.00,612.40,"12,248.00",2024-02-28
1146,HRL,2024022805002040,26,58,20.00,613.00,"12,260.00",2024-02-28
1147,HRL,2024022805002041,26,16,10.00,613.00,"6,130.00",2024-02-28
1148,HRL,2024022805002044,36,16,20.00,613.00,"12,260.00",2024-02-28
1149,HRL,2024022805002045,36,57,20.00,613.00,"12,260.00",2024-02-28
1150,HRL,2024022805002046,36,55,10.00,613.00,"6,130.00",2024-02-28
1151,HRL,2024022805002047,36,34,20.00,613.00,"12,260.00",2024-02-28
1152,HRL,2024022805002048,36,58,10.00,613.00,"6,130.00",2024-02-28
1153,HRL,2024022805002049,36,51,10.00,613.00,"6,130.00",2024-02-28
1154,HRL,2024022805002050,36,56,10.00,613.00,"6,130.00",2024-02-28
1155,HRL,2024022805002051,28,34,10.00,612.40,"6,124.00",2024-02-28
1156,HRL,2024022805002052,59,8,10.00,612.30,"6,123.00",2024-02-28
1157,HRL,2024022805002053,59,36,10.00,612.30,"6,123.00",2024-02-28
1158,HRL,2024022805002054,59,38,20.00,612.30,"12,246.00",2024-02-28
1159,HRL,2024022805002055,59,58,20.00,612.30,"12,246.00",2024-02-28
1160,HRL,2024022805002056,59,51,20.00,612.30,"12,246.00",2024-02-28
1161,HRL,2024022805002057,59,42,10.00,612.30,"6,123.00",2024-02-28
1162,HRL,2024022805002058,55,64,10.00,612.20,"6,122.00",2024-02-28
1163,HRL,2024022805002059,55,49,10.00,612.20,"6,122.00",2024-02-28
1164,HRL,2024022805002060,55,38,20.00,612.20,"12,244.00",2024-02-28
1165,HRL,2024022805002061,55,45,20.00,612.20,"12,244.00",2024-02-28
1166,HRL,2024022805002063,55,63,20.00,612.20,"12,244.00",2024-02-28
1167,HRL,2024022805002064,55,38,10.00,612.20,"6,122.00",2024-02-28
1168,HRL,2024022805002070,58,43,10.00,612.30,"6,123.00",2024-02-28
1169,HRL,2024022805002072,42,38,20.00,612.30,"12,246.00",2024-02-28
1170,HRL,2024022805002074,42,45,10.00,612.30,"6,123.00",2024-02-28
1171,HRL,2024022805002075,42,22,10.00,612.30,"6,123.00",2024-02-28
1172,HRL,2024022805002080,42,58,20.00,612.30,"12,246.00",2024-02-28
1173,HRL,2024022805002081,42,38,10.00,612.30,"6,123.00",2024-02-28
1174,HRL,2024022805002084,26,36,10.00,612.50,"6,125.00",2024-02-28
1175,HRL,2024022805002093,26,49,10.00,612.50,"6,125.00",2024-02-28
1176,HRL,2024022805002099,26,32,10.00,612.50,"6,125.00",2024-02-28
1177,HRL,2024022805002101,57,58,50.00,612.90,"30,645.00",2024-02-28
1178,HRL,2024022805002102,57,21,30.00,613.00,"18,390.00",2024-02-28
1179,HRL,2024022805002103,57,53,10.00,613.00,"6,130.00",2024-02-28
1180,HRL,2024022805002104,57,58,10.00,613.00,"6,130.00",2024-02-28
1181,HRL,2024022805002105,26,22,10.00,612.50,"6,125.00",2024-02-28
1182,HRL,2024022805002107,42,57,10.00,612.60,"6,126.00",2024-02-28
1183,HRL,2024022805002108,42,36,10.00,612.60,"6,126.00",2024-02-28
1184,HRL,2024022805002112,42,5,10.00,612.60,"6,126.00",2024-02-28
1185,HRL,2024022805002113,42,55,10.00,612.60,"6,126.00",2024-02-28
1186,HRL,2024022805002114,42,44,20.00,612.60,"12,252.00",2024-02-28
1187,HRL,2024022805002118,42,36,10.00,612.60,"6,126.00",2024-02-28
1188,HRL,2024022805002119,42,58,20.00,612.60,"12,252.00",2024-02-28
1189,HRL,2024022805002124,42,25,10.00,612.60,"6,126.00",2024-02-28
1190,HRL,2024022805002126,42,63,20.00,612.60,"12,252.00",2024-02-28
1191,HRL,2024022805002127,42,57,10.00,612.60,"6,126.00",2024-02-28
1192,HRL,2024022805002129,26,44,20.00,612.50,"12,250.00",2024-02-28
1193,HRL,2024022805002131,26,58,20.00,612.50,"12,250.00",2024-02-28
1194,HRL,2024022805002132,26,57,10.00,612.50,"6,125.00",2024-02-28
1195,HRL,2024022805002135,42,22,10.00,612.60,"6,126.00",2024-02-28
1196,HRL,2024022805002139,42,47,10.00,612.60,"6,126.00",2024-02-28
1197,HRL,2024022805002141,42,45,10.00,612.60,"6,126.00",2024-02-28
1198,HRL,2024022805002142,42,45,10.00,612.60,"6,126.00",2024-02-28
1199,HRL,2024022805002145,42,58,10.00,612.60,"6,126.00",2024-02-28
1200,HRL,2024022805002147,42,42,10.00,612.60,"6,126.00",2024-02-28
1201,HRL,2024022805002150,42,58,10.00,612.60,"6,126.00",2024-02-28
1202,HRL,2024022805002155,42,58,10.00,612.60,"6,126.00",2024-02-28
1203,HRL,2024022805002156,42,58,10.00,612.60,"6,126.00",2024-02-28
1204,HRL,2024022805002160,42,29,20.00,612.60,"12,252.00",2024-02-28
1205,HRL,2024022805002161,42,63,10.00,612.60,"6,126.00",2024-02-28
1206,HRL,2024022805002165,42,63,10.00,612.60,"6,126.00",2024-02-28
1207,HRL,2024022805002166,42,45,20.00,612.60,"12,252.00",2024-02-28
1208,HRL,2024022805002167,65,22,10.00,612.90,"6,129.00",2024-02-28
1209,HRL,2024022805002168,65,57,10.00,613.00,"6,130.00",2024-02-28
1210,HRL,2024022805002175,42,29,30.00,612.60,"18,378.00",2024-02-28
1211,HRL,2024022805002176,42,48,10.00,612.60,"6,126.00",2024-02-28
1212,HRL,2024022805002179,42,3,20.00,612.60,"12,252.00",2024-02-28
1213,HRL,2024022805002180,42,48,10.00,612.60,"6,126.00",2024-02-28
1214,HRL,2024022805002184,42,48,10.00,612.60,"6,126.00",2024-02-28
1215,HRL,2024022805002191,49,58,10.00,612.80,"6,128.00",2024-02-28
1216,HRL,2024022805002193,42,48,10.00,612.60,"6,126.00",2024-02-28
1217,HRL,2024022805002194,45,48,10.00,612.60,"6,126.00",2024-02-28
1218,HRL,2024022805002195,42,52,10.00,612.60,"6,126.00",2024-02-28
1219,HRL,2024022805002198,42,4,20.00,612.60,"12,252.00",2024-02-28
1220,HRL,2024022805002199,42,62,90.00,612.60,"55,134.00",2024-02-28
1221,HRL,2024022805002200,26,62,220.00,612.50,"134,750.00",2024-02-28
1222,HRL,2024022805002201,26,56,30.00,612.50,"18,375.00",2024-02-28
1223,HRL,2024022805002209,26,17,10.00,612.50,"6,125.00",2024-02-28
1224,HRL,2024022805002210,26,58,10.00,612.50,"6,125.00",2024-02-28
1225,HRL,2024022805002211,26,45,20.00,612.50,"12,250.00",2024-02-28
1226,HRL,2024022805002222,26,58,20.00,612.50,"12,250.00",2024-02-28
1227,HRL,2024022805002230,26,58,10.00,612.50,"6,125.00",2024-02-28
1228,HRL,2024022805002231,57,47,30.00,612.60,"18,378.00",2024-02-28
1229,HRL,2024022805002232,57,56,30.00,612.60,"18,378.00",2024-02-28
1230,HRL,2024022805002233,57,49,20.00,612.60,"12,252.00",2024-02-28
1231,HRL,2024022805002235,65,42,10.00,612.90,"6,129.00",2024-02-28
1232,HRL,2024022805002241,58,13,30.00,612.60,"18,378.00",2024-02-28
1233,HRL,2024022805002243,58,58,10.00,612.60,"6,126.00",2024-02-28
1234,HRL,2024022805002244,26,56,30.00,612.50,"18,375.00",2024-02-28
1235,HRL,2024022805002245,35,58,10.00,612.60,"6,126.00",2024-02-28
1236,HRL,2024022805002246,35,38,10.00,612.60,"6,126.00",2024-02-28
1237,HRL,2024022805002247,35,58,10.00,612.80,"6,128.00",2024-02-28
1238,HRL,2024022805002248,35,58,10.00,613.00,"6,130.00",2024-02-28
1239,HRL,2024022805002249,35,22,10.00,613.00,"6,130.00",2024-02-28
1240,HRL,2024022805002251,38,7,10.00,612.60,"6,126.00",2024-02-28
1241,HRL,2024022805002252,38,29,20.00,612.60,"12,252.00",2024-02-28
1242,HRL,2024022805002253,26,56,30.00,612.50,"18,375.00",2024-02-28
1243,HRL,2024022805002254,26,22,10.00,613.00,"6,130.00",2024-02-28
1244,HRL,2024022805002255,26,58,10.00,613.00,"6,130.00",2024-02-28
1245,HRL,2024022805002256,26,59,90.00,613.00,"55,170.00",2024-02-28
1246,HRL,2024022805002257,26,54,10.00,613.00,"6,130.00",2024-02-28
1247,HRL,2024022805002258,26,45,10.00,613.00,"6,130.00",2024-02-28
1248,HRL,2024022805002259,26,58,10.00,613.00,"6,130.00",2024-02-28
1249,HRL,2024022805002260,26,55,10.00,613.00,"6,130.00",2024-02-28
1250,HRL,2024022805002261,26,22,20.00,613.00,"12,260.00",2024-02-28
1251,HRL,2024022805002262,26,57,10.00,613.00,"6,130.00",2024-02-28
1252,HRL,2024022805002263,26,13,15.00,613.00,"9,195.00",2024-02-28
1253,HRL,2024022805002264,26,65,10.00,613.00,"6,130.00",2024-02-28
1254,HRL,2024022805002265,26,34,30.00,613.00,"18,390.00",2024-02-28
1255,HRL,2024022805002266,26,35,10.00,613.00,"6,130.00",2024-02-28
1256,HRL,2024022805002267,26,66,10.00,613.00,"6,130.00",2024-02-28
1257,HRL,2024022805002268,26,51,10.00,613.00,"6,130.00",2024-02-28
1258,HRL,2024022805002269,26,58,10.00,613.00,"6,130.00",2024-02-28
1259,HRL,2024022805002270,26,44,10.00,613.00,"6,130.00",2024-02-28
1260,HRL,2024022805002271,26,7,10.00,613.00,"6,130.00",2024-02-28
1261,HRL,2024022805002274,26,58,20.00,612.50,"12,250.00",2024-02-28
1262,HRL,2024022805002276,26,56,10.00,612.50,"6,125.00",2024-02-28
1263,HRL,2024022805002277,43,56,20.00,612.50,"12,250.00",2024-02-28
1264,HRL,2024022805002283,45,34,10.00,612.50,"6,125.00",2024-02-28
1265,HRL,2024022805002291,26,58,10.00,612.60,"6,126.00",2024-02-28
1266,HRL,2024022805002292,26,38,10.00,612.60,"6,126.00",2024-02-28
1267,HRL,2024022805002294,26,17,10.00,612.60,"6,126.00",2024-02-28
1268,HRL,2024022805002319,26,17,10.00,612.60,"6,126.00",2024-02-28
1269,HRL,2024022805002321,26,17,10.00,612.60,"6,126.00",2024-02-28
1270,HRL,2024022805002326,38,17,10.00,612.60,"6,126.00",2024-02-28
1271,HRL,2024022805002332,38,42,10.00,612.60,"6,126.00",2024-02-28
1272,HRL,2024022805002334,38,63,20.00,612.60,"12,252.00",2024-02-28
1273,HRL,2024022805002336,94,58,10.00,612.60,"6,126.00",2024-02-28
1274,HRL,2024022805002342,94,58,10.00,612.60,"6,126.00",2024-02-28
1275,HRL,2024022805002346,59,86,15.00,612.70,"9,190.50",2024-02-28
1276,HRL,2024022805002347,94,58,20.00,612.60,"12,252.00",2024-02-28
1277,HRL,2024022805002348,94,17,10.00,612.60,"6,126.00",2024-02-28
1278,HRL,2024022805002349,94,70,20.00,612.60,"12,252.00",2024-02-28
1279,HRL,2024022805002350,94,17,10.00,612.60,"6,126.00",2024-02-28
1280,HRL,2024022805002352,42,51,10.00,612.70,"6,127.00",2024-02-28
1281,HRL,2024022805002353,42,49,10.00,612.70,"6,127.00",2024-02-28
1282,HRL,2024022805002355,42,63,20.00,612.70,"12,254.00",2024-02-28
1283,HRL,2024022805002357,42,32,50.00,612.70,"30,635.00",2024-02-28
1284,HRL,2024022805002359,94,58,100.00,612.60,"61,260.00",2024-02-28
1285,HRL,2024022805002363,89,58,10.00,612.70,"6,127.00",2024-02-28
1286,HRL,2024022805002364,89,58,105.00,612.90,"64,354.50",2024-02-28
1287,HRL,2024022805002365,89,57,10.00,612.90,"6,129.00",2024-02-28
1288,HRL,2024022805002366,89,7,490.00,613.00,"300,370.00",2024-02-28
1289,HRL,2024022805002367,89,45,10.00,613.00,"6,130.00",2024-02-28
1290,HRL,2024022805002368,89,48,20.00,613.00,"12,260.00",2024-02-28
1291,HRL,2024022805002369,89,59,20.00,613.00,"12,260.00",2024-02-28
1292,HRL,2024022805002370,89,49,10.00,613.00,"6,130.00",2024-02-28
1293,HRL,2024022805002371,89,34,25.00,613.00,"15,325.00",2024-02-28
1294,HRL,2024022805002382,65,11,10.00,612.70,"6,127.00",2024-02-28
1295,HRL,2024022805002383,94,32,20.00,612.60,"12,252.00",2024-02-28
1296,HRL,2024022805002395,34,58,10.00,612.70,"6,127.00",2024-02-28
1297,HRL,2024022805002399,34,3,10.00,612.70,"6,127.00",2024-02-28
1298,HRL,2024022805002409,34,58,10.00,612.70,"6,127.00",2024-02-28
1299,HRL,2024022805002410,34,57,10.00,612.70,"6,127.00",2024-02-28
1300,HRL,2024022805002411,52,45,10.00,613.00,"6,130.00",2024-02-28
1301,HRL,2024022805002412,52,4,40.00,613.00,"24,520.00",2024-02-28
1302,HRL,2024022805002413,52,26,10.00,613.00,"6,130.00",2024-02-28
1303,HRL,2024022805002414,52,57,40.00,613.00,"24,520.00",2024-02-28
1304,HRL,2024022805002416,34,22,10.00,612.70,"6,127.00",2024-02-28
1305,HRL,2024022805002417,34,55,30.00,612.70,"18,381.00",2024-02-28
1306,HRL,2024022805002421,34,56,10.00,612.70,"6,127.00",2024-02-28
1307,HRL,2024022805002422,34,26,20.00,612.70,"12,254.00",2024-02-28
1308,HRL,2024022805002423,34,64,10.00,612.70,"6,127.00",2024-02-28
1309,HRL,2024022805002424,34,56,10.00,612.70,"6,127.00",2024-02-28
1310,HRL,2024022805002425,34,54,20.00,612.70,"12,254.00",2024-02-28
1311,HRL,2024022805002433,86,86,5.00,605.00,"3,025.00",2024-02-28
1312,HRL,2024022805002434,34,35,10.00,612.70,"6,127.00",2024-02-28
1313,HRL,2024022805002435,58,53,10.00,612.90,"6,129.00",2024-02-28
1314,HRL,2024022805002436,58,57,30.00,613.00,"18,390.00",2024-02-28
1315,HRL,2024022805002437,58,41,10.00,613.00,"6,130.00",2024-02-28
1316,HRL,2024022805002438,58,58,20.00,613.00,"12,260.00",2024-02-28
1317,HRL,2024022805002440,58,44,10.00,613.00,"6,130.00",2024-02-28
1318,HRL,2024022805002442,58,58,20.00,613.00,"12,260.00",2024-02-28
1319,HRL,2024022805002443,34,58,10.00,612.70,"6,127.00",2024-02-28
1320,HRL,2024022805002447,34,58,20.00,612.70,"12,254.00",2024-02-28
1321,HRL,2024022805002448,34,58,10.00,612.70,"6,127.00",2024-02-28
1322,HRL,2024022805002449,19,58,10.00,612.70,"6,127.00",2024-02-28
1323,HRL,2024022805002454,17,26,30.00,613.00,"18,390.00",2024-02-28
1324,HRL,2024022805002455,19,44,30.00,613.10,"18,393.00",2024-02-28
1325,HRL,2024022805002457,17,58,20.00,613.00,"12,260.00",2024-02-28
1326,HRL,2024022805002462,17,26,10.00,613.00,"6,130.00",2024-02-28
1327,HRL,2024022805002464,17,58,20.00,613.00,"12,260.00",2024-02-28
1328,HRL,2024022805002465,17,38,10.00,613.00,"6,130.00",2024-02-28
1329,HRL,2024022805002467,17,58,10.00,613.00,"6,130.00",2024-02-28
1330,HRL,2024022805002472,19,55,10.00,612.70,"6,127.00",2024-02-28
1331,HRL,2024022805002474,19,51,10.00,612.70,"6,127.00",2024-02-28
1332,HRL,2024022805002481,19,22,10.00,612.70,"6,127.00",2024-02-28
1333,HRL,2024022805002482,19,26,10.00,612.70,"6,127.00",2024-02-28
1334,HRL,2024022805002489,19,13,20.00,612.70,"12,254.00",2024-02-28
1335,HRL,2024022805002491,19,55,30.00,612.70,"18,381.00",2024-02-28
1336,HRL,2024022805002492,42,55,120.00,612.60,"73,512.00",2024-02-28
1337,HRL,2024022805002493,48,55,10.00,612.30,"6,123.00",2024-02-28
1338,HRL,2024022805002494,45,55,10.00,612.30,"6,123.00",2024-02-28
1339,HRL,2024022805002503,45,22,10.00,612.30,"6,123.00",2024-02-28
1340,HRL,2024022805002508,45,58,20.00,612.30,"12,246.00",2024-02-28
1341,HRL,2024022805002509,45,42,10.00,612.30,"6,123.00",2024-02-28
1342,HRL,2024022805002510,45,1,10.00,612.30,"6,123.00",2024-02-28
1343,HRL,2024022805002511,45,26,20.00,612.30,"12,246.00",2024-02-28
1344,HRL,2024022805002512,45,38,10.00,612.30,"6,123.00",2024-02-28
1345,HRL,2024022805002513,45,17,10.00,612.30,"6,123.00",2024-02-28
1346,HRL,2024022805002514,55,38,300.00,612.20,"183,660.00",2024-02-28
1347,HRL,2024022805002515,55,35,20.00,612.20,"12,244.00",2024-02-28
1348,HRL,2024022805002516,55,17,10.00,612.20,"6,122.00",2024-02-28
1349,HRL,2024022805002518,55,58,20.00,612.20,"12,244.00",2024-02-28
1350,HRL,2024022805002522,55,41,10.00,612.20,"6,122.00",2024-02-28
1351,HRL,2024022805002526,55,48,10.00,612.20,"6,122.00",2024-02-28
1352,HRL,2024022805002528,55,58,20.00,612.20,"12,244.00",2024-02-28
1353,HRL,2024022805002530,55,58,10.00,612.20,"6,122.00",2024-02-28
1354,HRL,2024022805002531,55,6,10.00,612.20,"6,122.00",2024-02-28
1355,HRL,2024022805002533,55,26,30.00,612.20,"18,366.00",2024-02-28
1356,HRL,2024022805002541,55,35,20.00,612.20,"12,244.00",2024-02-28
1357,HRL,2024022805002542,55,48,480.00,612.20,"293,856.00",2024-02-28
1358,HRL,2024022805002543,55,41,10.00,612.20,"6,122.00",2024-02-28
1359,HRL,2024022805002547,55,22,10.00,612.20,"6,122.00",2024-02-28
1360,HRL,2024022805002548,48,58,20.00,612.30,"12,246.00",2024-02-28
1361,HRL,2024022805002553,34,56,10.00,613.00,"6,130.00",2024-02-28
1362,HRL,2024022805002554,34,53,10.00,613.00,"6,130.00",2024-02-28
1363,HRL,2024022805002555,34,47,10.00,613.00,"6,130.00",2024-02-28
1364,HRL,2024022805002556,34,6,10.00,613.00,"6,130.00",2024-02-28
1365,HRL,2024022805002557,34,56,10.00,613.00,"6,130.00",2024-02-28
1366,HRL,2024022805002558,34,39,10.00,613.00,"6,130.00",2024-02-28
1367,HRL,2024022805002559,34,45,10.00,613.00,"6,130.00",2024-02-28
1368,HRL,2024022805002560,34,58,10.00,613.00,"6,130.00",2024-02-28
1369,HRL,2024022805002561,34,52,20.00,613.00,"12,260.00",2024-02-28
1370,HRL,2024022805002563,45,45,10.00,612.30,"6,123.00",2024-02-28
1371,HRL,2024022805002589,45,35,10.00,612.30,"6,123.00",2024-02-28
1372,HRL,2024022805002595,55,43,30.00,612.20,"18,366.00",2024-02-28
1373,HRL,2024022805002596,43,38,10.00,612.90,"6,129.00",2024-02-28
1374,HRL,2024022805002597,43,5,10.00,613.00,"6,130.00",2024-02-28
1375,HRL,2024022805002599,55,58,10.00,612.20,"6,122.00",2024-02-28
1376,HRL,2024022805002605,45,38,10.00,613.00,"6,130.00",2024-02-28
1377,HRL,2024022805002606,45,58,10.00,613.00,"6,130.00",2024-02-28
1378,HRL,2024022805002607,55,57,10.00,612.20,"6,122.00",2024-02-28
1379,HRL,2024022805002608,55,8,10.00,612.20,"6,122.00",2024-02-28
1380,HRL,2024022805002612,55,21,20.00,612.20,"12,244.00",2024-02-28
1381,HRL,2024022805002613,55,6,10.00,612.20,"6,122.00",2024-02-28
1382,HRL,2024022805002619,35,84,10.00,612.30,"6,123.00",2024-02-28
1383,HRL,2024022805002620,43,58,10.00,613.00,"6,130.00",2024-02-28
1384,HRL,2024022805002621,26,35,20.00,613.00,"12,260.00",2024-02-28
1385,HRL,2024022805002622,26,19,10.00,613.00,"6,130.00",2024-02-28
1386,HRL,2024022805002624,26,45,10.00,613.00,"6,130.00",2024-02-28
1387,HRL,2024022805002627,26,58,20.00,613.00,"12,260.00",2024-02-28
1388,HRL,2024022805002628,26,57,10.00,613.00,"6,130.00",2024-02-28
1389,HRL,2024022805002630,26,25,10.00,613.00,"6,130.00",2024-02-28
1390,HRL,2024022805002631,26,55,10.00,613.00,"6,130.00",2024-02-28
1391,HRL,2024022805002633,26,7,10.00,613.00,"6,130.00",2024-02-28
1392,HRL,2024022805002635,4,22,10.00,612.40,"6,124.00",2024-02-28
1393,HRL,2024022805002639,14,47,20.00,612.50,"12,250.00",2024-02-28
1394,HRL,2024022805002640,14,38,10.00,612.50,"6,125.00",2024-02-28
1395,HRL,2024022805002641,14,46,20.00,612.50,"12,250.00",2024-02-28
1396,HRL,2024022805002653,69,40,10.00,612.60,"6,126.00",2024-02-28
1397,HRL,2024022805002676,65,56,10.00,613.00,"6,130.00",2024-02-28
1398,HRL,2024022805002677,65,49,10.00,613.10,"6,131.00",2024-02-28
1399,HRL,2024022805002678,36,43,10.00,612.70,"6,127.00",2024-02-28
1400,HRL,2024022805002679,25,40,10.00,613.00,"6,130.00",2024-02-28
1401,HRL,2024022805002680,69,7,990.00,612.80,"606,672.00",2024-02-28
1402,HRL,2024022805002681,36,7,10.00,612.70,"6,127.00",2024-02-28
1403,HRL,2024022805002683,69,57,10.00,613.30,"6,133.00",2024-02-28
1404,HRL,2024022805002684,69,58,10.00,613.30,"6,133.00",2024-02-28
1405,HRL,2024022805002685,69,57,10.00,613.50,"6,135.00",2024-02-28
1406,HRL,2024022805002686,69,4,10.00,613.50,"6,135.00",2024-02-28
1407,HRL,2024022805002687,69,45,10.00,613.50,"6,135.00",2024-02-28
1408,HRL,2024022805002688,69,49,20.00,613.50,"12,270.00",2024-02-28
1409,HRL,2024022805002689,69,35,20.00,613.80,"12,276.00",2024-02-28
1410,HRL,2024022805002690,69,58,100.00,613.90,"61,390.00",2024-02-28
1411,HRL,2024022805002691,69,36,20.00,613.90,"12,278.00",2024-02-28
1412,HRL,2024022805002692,69,55,10.00,614.00,"6,140.00",2024-02-28
1413,HRL,2024022805002693,69,57,10.00,614.00,"6,140.00",2024-02-28
1414,HRL,2024022805002694,69,52,90.00,614.00,"55,260.00",2024-02-28
1415,HRL,2024022805002695,69,45,30.00,614.00,"18,420.00",2024-02-28
1416,HRL,2024022805002696,69,34,10.00,614.00,"6,140.00",2024-02-28
1417,HRL,2024022805002697,69,45,20.00,614.00,"12,280.00",2024-02-28
1418,HRL,2024022805002698,69,45,10.00,614.00,"6,140.00",2024-02-28
1419,HRL,2024022805002699,69,58,10.00,614.00,"6,140.00",2024-02-28
1420,HRL,2024022805002700,69,25,150.00,614.00,"92,100.00",2024-02-28
1421,HRL,2024022805002701,69,49,10.00,614.00,"6,140.00",2024-02-28
1422,HRL,2024022805002702,69,58,10.00,614.00,"6,140.00",2024-02-28
1423,HRL,2024022805002703,69,35,10.00,614.00,"6,140.00",2024-02-28
1424,HRL,2024022805002704,69,49,10.00,614.00,"6,140.00",2024-02-28
1425,HRL,2024022805002705,69,38,10.00,614.00,"6,140.00",2024-02-28
1426,HRL,2024022805002706,69,58,20.00,614.00,"12,280.00",2024-02-28
1427,HRL,2024022805002707,69,19,30.00,614.00,"18,420.00",2024-02-28
1428,HRL,2024022805002708,69,60,200.00,614.50,"122,900.00",2024-02-28
1429,HRL,2024022805002709,69,52,10.00,614.50,"6,145.00",2024-02-28
1430,HRL,2024022805002710,69,49,20.00,615.00,"12,300.00",2024-02-28
1431,HRL,2024022805002711,69,34,10.00,615.00,"6,150.00",2024-02-28
1432,HRL,2024022805002712,69,58,20.00,615.00,"12,300.00",2024-02-28
1433,HRL,2024022805002713,69,36,10.00,615.00,"6,150.00",2024-02-28
1434,HRL,2024022805002714,69,8,30.00,615.00,"18,450.00",2024-02-28
1435,HRL,2024022805002715,69,21,10.00,615.00,"6,150.00",2024-02-28
1436,HRL,2024022805002716,69,58,30.00,615.00,"18,450.00",2024-02-28
1437,HRL,2024022805002717,69,47,10.00,615.00,"6,150.00",2024-02-28
1438,HRL,2024022805002723,69,46,10.00,615.00,"6,150.00",2024-02-28
1439,HRL,2024022805002724,69,57,99.00,615.00,"60,885.00",2024-02-28
1440,HRL,2024022805002725,69,14,891.00,615.00,"547,965.00",2024-02-28
1441,HRL,2024022805002729,69,14,"1,109.00",615.00,"682,035.00",2024-02-28
1442,HRL,2024022805002730,69,58,20.00,615.00,"12,300.00",2024-02-28
1443,HRL,2024022805002731,69,45,20.00,615.00,"12,300.00",2024-02-28
1444,HRL,2024022805002732,69,32,10.00,615.00,"6,150.00",2024-02-28
1445,HRL,2024022805002733,69,22,10.00,615.00,"6,150.00",2024-02-28
1446,HRL,2024022805002734,69,58,10.00,615.00,"6,150.00",2024-02-28
1447,HRL,2024022805002735,69,55,10.00,615.00,"6,150.00",2024-02-28
1448,HRL,2024022805002736,69,54,30.00,615.00,"18,450.00",2024-02-28
1449,HRL,2024022805002737,69,22,10.00,615.00,"6,150.00",2024-02-28
1450,HRL,2024022805002738,69,45,10.00,615.00,"6,150.00",2024-02-28
1451,HRL,2024022805002739,69,7,20.00,615.00,"12,300.00",2024-02-28
1452,HRL,2024022805002740,69,21,10.00,615.00,"6,150.00",2024-02-28
1453,HRL,2024022805002741,69,4,10.00,615.00,"6,150.00",2024-02-28
1454,HRL,2024022805002742,69,4,10.00,615.00,"6,150.00",2024-02-28
1455,HRL,2024022805002743,69,41,10.00,615.00,"6,150.00",2024-02-28
1456,HRL,2024022805002744,69,4,10.00,615.00,"6,150.00",2024-02-28
1457,HRL,2024022805002745,69,58,10.00,615.00,"6,150.00",2024-02-28
1458,HRL,2024022805002746,69,32,10.00,615.00,"6,150.00",2024-02-28
1459,HRL,2024022805002747,69,42,10.00,615.00,"6,150.00",2024-02-28
1460,HRL,2024022805002748,69,57,20.00,615.00,"12,300.00",2024-02-28
1461,HRL,2024022805002749,69,38,20.00,615.00,"12,300.00",2024-02-28
1462,HRL,2024022805002750,69,57,20.00,615.00,"12,300.00",2024-02-28
1463,HRL,2024022805002751,69,94,500.00,615.00,"307,500.00",2024-02-28
1464,HRL,2024022805002752,69,38,20.00,615.00,"12,300.00",2024-02-28
1465,HRL,2024022805002753,69,16,10.00,615.00,"6,150.00",2024-02-28
1466,HRL,2024022805002754,69,58,20.00,615.00,"12,300.00",2024-02-28
1467,HRL,2024022805002755,69,49,30.00,615.00,"18,450.00",2024-02-28
1468,HRL,2024022805002756,69,11,20.00,615.00,"12,300.00",2024-02-28
1469,HRL,2024022805002757,69,46,10.00,615.00,"6,150.00",2024-02-28
1470,HRL,2024022805002758,69,57,20.00,615.00,"12,300.00",2024-02-28
1471,HRL,2024022805002759,69,8,20.00,615.00,"12,300.00",2024-02-28
1472,HRL,2024022805002760,69,49,10.00,615.00,"6,150.00",2024-02-28
1473,HRL,2024022805002761,69,45,30.00,615.00,"18,450.00",2024-02-28
1474,HRL,2024022805002762,69,35,20.00,615.00,"12,300.00",2024-02-28
1475,HRL,2024022805002763,69,57,10.00,615.00,"6,150.00",2024-02-28
1476,HRL,2024022805002764,69,26,10.00,615.00,"6,150.00",2024-02-28
1477,HRL,2024022805002765,69,52,10.00,615.00,"6,150.00",2024-02-28
1478,HRL,2024022805002766,69,44,10.00,615.00,"6,150.00",2024-02-28
1479,HRL,2024022805002767,69,48,20.00,615.00,"12,300.00",2024-02-28
1480,HRL,2024022805002768,69,43,10.00,615.00,"6,150.00",2024-02-28
1481,HRL,2024022805002769,69,35,20.00,615.00,"12,300.00",2024-02-28
1482,HRL,2024022805002770,69,8,10.00,615.00,"6,150.00",2024-02-28
1483,HRL,2024022805002773,69,6,20.00,615.00,"12,300.00",2024-02-28
1484,HRL,2024022805002779,69,21,10.00,615.20,"6,152.00",2024-02-28
1485,HRL,2024022805002780,69,21,10.00,615.20,"6,152.00",2024-02-28
1486,HRL,2024022805002781,69,51,20.00,615.50,"12,310.00",2024-02-28
1487,HRL,2024022805002782,69,42,10.00,615.60,"6,156.00",2024-02-28
1488,HRL,2024022805002783,69,52,20.00,616.00,"12,320.00",2024-02-28
1489,HRL,2024022805002784,69,58,10.00,616.00,"6,160.00",2024-02-28
1490,HRL,2024022805002785,69,58,10.00,616.00,"6,160.00",2024-02-28
1491,HRL,2024022805002786,69,16,10.00,616.00,"6,160.00",2024-02-28
1492,HRL,2024022805002787,69,35,30.00,616.00,"18,480.00",2024-02-28
1493,HRL,2024022805002788,69,50,20.00,616.00,"12,320.00",2024-02-28
1494,HRL,2024022805002789,69,19,20.00,616.00,"12,320.00",2024-02-28
1495,HRL,2024022805002790,69,11,10.00,616.00,"6,160.00",2024-02-28
1496,HRL,2024022805002791,69,59,30.00,616.00,"18,480.00",2024-02-28
1497,HRL,2024022805002792,69,58,10.00,616.00,"6,160.00",2024-02-28
1498,HRL,2024022805002793,69,22,10.00,616.00,"6,160.00",2024-02-28
1499,HRL,2024022805002794,69,34,10.00,616.00,"6,160.00",2024-02-28
