SN,Symbol,Transaction No.,Buyer Broker,Seller Broker,Share Quantity,Rate(Rs),Amount(Rs),Traded Date
1,HRL,2024040705000006,56,16,10.00,590.00,"5,900.00",2024-04-07
2,HRL,2024040705000007,16,44,10.00,590.00,"5,900.00",2024-04-07
3,HRL,2024040705000008,16,56,20.00,590.50,"11,810.00",2024-04-07
4,HRL,2024040705000009,57,58,10.00,588.00,"5,880.00",2024-04-07
5,HRL,2024040705000011,45,56,20.00,590.50,"11,810.00",2024-04-07
6,HRL,2024040705000020,45,42,20.00,590.50,"11,810.00",2024-04-07
7,HRL,2024040705000023,45,34,10.00,590.60,"5,906.00",2024-04-07
8,HRL,2024040705000026,45,17,10.00,590.60,"5,906.00",2024-04-07
9,HRL,2024040705000031,50,42,10.00,591.00,"5,910.00",2024-04-07
10,HRL,2024040705000034,45,49,10.00,595.00,"5,950.00",2024-04-07
11,HRL,2024040705000035,45,14,10.00,595.00,"5,950.00",2024-04-07
12,HRL,2024040705000036,50,48,20.00,591.00,"11,820.00",2024-04-07
13,HRL,2024040705000038,68,41,20.00,592.00,"11,840.00",2024-04-07
14,HRL,2024040705000039,68,48,20.00,592.00,"11,840.00",2024-04-07
15,HRL,2024040705000041,35,43,30.00,595.00,"17,850.00",2024-04-07
16,HRL,2024040705000052,68,57,20.00,592.00,"11,840.00",2024-04-07
17,HRL,2024040705000062,11,14,130.00,593.00,"77,090.00",2024-04-07
18,HRL,2024040705000065,20,51,10.00,594.00,"5,940.00",2024-04-07
19,HRL,2024040705000066,20,34,10.00,594.00,"5,940.00",2024-04-07
20,HRL,2024040705000069,20,40,10.00,594.10,"5,941.00",2024-04-07
21,HRL,2024040705000070,20,48,10.00,594.10,"5,941.00",2024-04-07
22,HRL,2024040705000071,20,35,20.00,594.10,"11,882.00",2024-04-07
23,HRL,2024040705000075,20,62,10.00,594.10,"5,941.00",2024-04-07
24,HRL,2024040705000076,20,43,20.00,594.10,"11,882.00",2024-04-07
25,HRL,2024040705000078,20,58,10.00,594.10,"5,941.00",2024-04-07
26,HRL,2024040705000086,17,46,20.00,594.30,"11,886.00",2024-04-07
27,HRL,2024040705000088,17,34,10.00,594.30,"5,943.00",2024-04-07
28,HRL,2024040705000089,17,46,120.00,594.30,"71,316.00",2024-04-07
29,HRL,2024040705000090,17,56,10.00,594.30,"5,943.00",2024-04-07
30,HRL,2024040705000091,17,29,20.00,594.30,"11,886.00",2024-04-07
31,HRL,2024040705000092,68,58,10.00,594.50,"5,945.00",2024-04-07
32,HRL,2024040705000093,68,29,10.00,594.50,"5,945.00",2024-04-07
33,HRL,2024040705000099,68,45,30.00,594.50,"17,835.00",2024-04-07
34,HRL,2024040705000100,11,45,30.00,594.60,"17,838.00",2024-04-07
35,HRL,2024040705000102,1,34,11.00,594.90,"6,543.90",2024-04-07
36,HRL,2024040705000106,68,45,10.00,595.00,"5,950.00",2024-04-07
37,HRL,2024040705000107,68,58,10.00,595.00,"5,950.00",2024-04-07
38,HRL,2024040705000108,68,58,10.00,595.00,"5,950.00",2024-04-07
39,HRL,2024040705000109,68,26,20.00,595.00,"11,900.00",2024-04-07
40,HRL,2024040705000110,68,58,20.00,595.00,"11,900.00",2024-04-07
41,HRL,2024040705000111,68,35,10.00,595.00,"5,950.00",2024-04-07
42,HRL,2024040705000112,68,49,10.00,595.00,"5,950.00",2024-04-07
43,HRL,2024040705000113,68,34,10.00,595.00,"5,950.00",2024-04-07
44,HRL,2024040705000114,68,38,45.00,595.00,"26,775.00",2024-04-07
45,HRL,2024040705000115,11,38,140.00,594.60,"83,244.00",2024-04-07
46,HRL,2024040705000116,45,38,20.00,594.50,"11,890.00",2024-04-07
47,HRL,2024040705000117,17,38,115.00,594.30,"68,344.50",2024-04-07
48,HRL,2024040705000120,17,58,10.00,594.30,"5,943.00",2024-04-07
49,HRL,2024040705000121,17,58,10.00,594.30,"5,943.00",2024-04-07
50,HRL,2024040705000125,17,52,275.00,594.30,"163,432.50",2024-04-07
51,HRL,2024040705000126,4,58,10.00,594.60,"5,946.00",2024-04-07
52,HRL,2024040705000127,4,58,10.00,594.90,"5,949.00",2024-04-07
53,HRL,2024040705000128,4,26,20.00,595.00,"11,900.00",2024-04-07
54,HRL,2024040705000129,4,38,20.00,595.00,"11,900.00",2024-04-07
55,HRL,2024040705000133,4,56,10.00,595.00,"5,950.00",2024-04-07
56,HRL,2024040705000134,4,34,10.00,595.00,"5,950.00",2024-04-07
57,HRL,2024040705000135,4,62,20.00,595.00,"11,900.00",2024-04-07
58,HRL,2024040705000136,4,1,400.00,595.00,"238,000.00",2024-04-07
59,HRL,2024040705000138,4,38,30.00,595.00,"17,850.00",2024-04-07
60,HRL,2024040705000139,4,58,10.00,595.00,"5,950.00",2024-04-07
61,HRL,2024040705000145,4,43,10.00,595.00,"5,950.00",2024-04-07
62,HRL,2024040705000146,4,52,20.00,595.00,"11,900.00",2024-04-07
63,HRL,2024040705000147,4,1,10.00,595.00,"5,950.00",2024-04-07
64,HRL,2024040705000148,4,43,10.00,595.00,"5,950.00",2024-04-07
65,HRL,2024040705000149,4,34,10.00,595.00,"5,950.00",2024-04-07
66,HRL,2024040705000150,50,21,30.00,596.00,"17,880.00",2024-04-07
67,HRL,2024040705000151,50,55,10.00,596.00,"5,960.00",2024-04-07
68,HRL,2024040705000153,4,58,10.00,595.00,"5,950.00",2024-04-07
69,HRL,2024040705000154,4,45,10.00,595.00,"5,950.00",2024-04-07
70,HRL,2024040705000155,35,59,10.00,596.90,"5,969.00",2024-04-07
71,HRL,2024040705000156,35,33,10.00,597.00,"5,970.00",2024-04-07
72,HRL,2024040705000158,4,13,30.00,595.00,"17,850.00",2024-04-07
73,HRL,2024040705000159,4,43,10.00,595.00,"5,950.00",2024-04-07
74,HRL,2024040705000160,4,38,10.00,595.00,"5,950.00",2024-04-07
75,HRL,2024040705000163,4,38,20.00,595.00,"11,900.00",2024-04-07
76,HRL,2024040705000164,4,41,19.00,595.00,"11,305.00",2024-04-07
77,HRL,2024040705000165,4,43,10.00,595.00,"5,950.00",2024-04-07
78,HRL,2024040705000169,4,35,10.00,595.00,"5,950.00",2024-04-07
79,HRL,2024040705000170,4,36,10.00,595.00,"5,950.00",2024-04-07
80,HRL,2024040705000178,51,41,20.00,595.20,"11,904.00",2024-04-07
81,HRL,2024040705000179,51,58,10.00,595.20,"5,952.00",2024-04-07
82,HRL,2024040705000180,51,49,70.00,595.20,"41,664.00",2024-04-07
83,HRL,2024040705000181,4,49,61.00,595.00,"36,295.00",2024-04-07
84,HRL,2024040705000182,17,49,210.00,595.00,"124,950.00",2024-04-07
85,HRL,2024040705000183,28,49,100.00,595.00,"59,500.00",2024-04-07
86,HRL,2024040705000184,71,49,50.00,595.00,"29,750.00",2024-04-07
87,HRL,2024040705000185,34,49,50.00,595.00,"29,750.00",2024-04-07
88,HRL,2024040705000186,8,49,10.00,595.00,"5,950.00",2024-04-07
89,HRL,2024040705000187,18,49,20.00,595.00,"11,900.00",2024-04-07
90,HRL,2024040705000188,38,49,20.00,595.00,"11,900.00",2024-04-07
91,HRL,2024040705000191,58,49,10.00,595.00,"5,950.00",2024-04-07
92,HRL,2024040705000194,3,49,100.00,595.00,"59,500.00",2024-04-07
93,HRL,2024040705000195,62,58,10.00,594.30,"5,943.00",2024-04-07
94,HRL,2024040705000196,62,58,10.00,594.30,"5,943.00",2024-04-07
95,HRL,2024040705000197,34,49,299.00,595.00,"177,905.00",2024-04-07
96,HRL,2024040705000198,34,38,10.00,595.00,"5,950.00",2024-04-07
97,HRL,2024040705000199,34,38,10.00,595.00,"5,950.00",2024-04-07
98,HRL,2024040705000202,34,38,170.00,595.00,"101,150.00",2024-04-07
99,HRL,2024040705000205,34,58,10.00,595.00,"5,950.00",2024-04-07
100,HRL,2024040705000215,62,45,10.00,594.30,"5,943.00",2024-04-07
101,HRL,2024040705000217,8,49,10.00,595.00,"5,950.00",2024-04-07
102,HRL,2024040705000218,8,49,10.00,595.00,"5,950.00",2024-04-07
103,HRL,2024040705000220,34,57,10.00,596.90,"5,969.00",2024-04-07
104,HRL,2024040705000226,50,26,20.00,596.00,"11,920.00",2024-04-07
105,HRL,2024040705000227,62,57,30.00,596.90,"17,907.00",2024-04-07
106,HRL,2024040705000229,50,53,10.00,596.00,"5,960.00",2024-04-07
107,HRL,2024040705000236,38,33,20.00,597.00,"11,940.00",2024-04-07
108,HRL,2024040705000237,38,18,10.00,597.00,"5,970.00",2024-04-07
109,HRL,2024040705000238,50,45,10.00,596.00,"5,960.00",2024-04-07
110,HRL,2024040705000239,50,58,10.00,596.00,"5,960.00",2024-04-07
111,HRL,2024040705000240,34,18,30.00,597.00,"17,910.00",2024-04-07
112,HRL,2024040705000241,50,38,10.00,596.00,"5,960.00",2024-04-07
113,HRL,2024040705000244,50,42,50.00,596.00,"29,800.00",2024-04-07
114,HRL,2024040705000245,50,43,90.00,596.00,"53,640.00",2024-04-07
115,HRL,2024040705000250,45,49,10.00,594.00,"5,940.00",2024-04-07
116,HRL,2024040705000254,45,38,10.00,594.00,"5,940.00",2024-04-07
117,HRL,2024040705000257,49,34,10.00,594.00,"5,940.00",2024-04-07
118,HRL,2024040705000258,49,38,10.00,594.00,"5,940.00",2024-04-07
119,HRL,2024040705000259,49,45,10.00,594.00,"5,940.00",2024-04-07
120,HRL,2024040705000263,49,58,10.00,594.00,"5,940.00",2024-04-07
121,HRL,2024040705000265,57,6,20.00,595.00,"11,900.00",2024-04-07
122,HRL,2024040705000273,29,6,10.00,595.00,"5,950.00",2024-04-07
123,HRL,2024040705000274,29,14,10.00,595.00,"5,950.00",2024-04-07
124,HRL,2024040705000275,29,21,30.00,595.00,"17,850.00",2024-04-07
125,HRL,2024040705000276,29,58,10.00,595.00,"5,950.00",2024-04-07
126,HRL,2024040705000277,29,43,10.00,596.00,"5,960.00",2024-04-07
127,HRL,2024040705000278,29,48,30.00,596.00,"17,880.00",2024-04-07
128,HRL,2024040705000279,29,29,20.00,596.00,"11,920.00",2024-04-07
129,HRL,2024040705000280,29,42,30.00,596.00,"17,880.00",2024-04-07
130,HRL,2024040705000281,29,6,40.00,596.00,"23,840.00",2024-04-07
131,HRL,2024040705000282,29,42,10.00,596.00,"5,960.00",2024-04-07
132,HRL,2024040705000284,50,42,10.00,596.00,"5,960.00",2024-04-07
133,HRL,2024040705000286,6,42,10.00,596.00,"5,960.00",2024-04-07
134,HRL,2024040705000287,55,19,10.00,596.00,"5,960.00",2024-04-07
135,HRL,2024040705000288,6,19,60.00,596.00,"35,760.00",2024-04-07
136,HRL,2024040705000293,51,56,10.00,594.10,"5,941.00",2024-04-07
137,HRL,2024040705000294,49,34,10.00,594.00,"5,940.00",2024-04-07
138,HRL,2024040705000295,47,58,10.00,594.00,"5,940.00",2024-04-07
139,HRL,2024040705000296,47,40,10.00,594.00,"5,940.00",2024-04-07
140,HRL,2024040705000297,47,54,10.00,594.00,"5,940.00",2024-04-07
141,HRL,2024040705000299,47,52,10.00,594.00,"5,940.00",2024-04-07
142,HRL,2024040705000302,47,37,10.00,594.00,"5,940.00",2024-04-07
143,HRL,2024040705000303,52,38,10.00,593.00,"5,930.00",2024-04-07
144,HRL,2024040705000304,76,46,10.00,594.00,"5,940.00",2024-04-07
145,HRL,2024040705000305,76,48,10.00,594.50,"5,945.00",2024-04-07
146,HRL,2024040705000311,52,6,10.00,593.00,"5,930.00",2024-04-07
147,HRL,2024040705000312,52,38,20.00,593.00,"11,860.00",2024-04-07
148,HRL,2024040705000316,52,56,10.00,593.00,"5,930.00",2024-04-07
149,HRL,2024040705000317,11,56,10.00,592.60,"5,926.00",2024-04-07
150,HRL,2024040705000325,11,58,30.00,592.60,"17,778.00",2024-04-07
151,HRL,2024040705000332,50,55,10.00,593.00,"5,930.00",2024-04-07
152,HRL,2024040705000340,11,34,10.00,592.60,"5,926.00",2024-04-07
153,HRL,2024040705000341,11,38,10.00,592.60,"5,926.00",2024-04-07
154,HRL,2024040705000342,11,35,20.00,592.60,"11,852.00",2024-04-07
155,HRL,2024040705000344,45,34,10.00,593.10,"5,931.00",2024-04-07
156,HRL,2024040705000345,11,34,10.00,592.60,"5,926.00",2024-04-07
157,HRL,2024040705000349,11,45,10.00,592.60,"5,926.00",2024-04-07
158,HRL,2024040705000357,45,49,30.00,592.50,"17,775.00",2024-04-07
159,HRL,2024040705000360,76,32,10.00,592.30,"5,923.00",2024-04-07
160,HRL,2024040705000363,76,28,40.00,592.30,"23,692.00",2024-04-07
161,HRL,2024040705000366,33,56,20.00,592.30,"11,846.00",2024-04-07
162,HRL,2024040705000367,33,57,20.00,592.30,"11,846.00",2024-04-07
163,HRL,2024040705000368,33,47,10.00,592.30,"5,923.00",2024-04-07
164,HRL,2024040705000370,33,54,10.00,592.30,"5,923.00",2024-04-07
165,HRL,2024040705000371,45,58,10.00,592.40,"5,924.00",2024-04-07
166,HRL,2024040705000374,45,45,10.00,592.40,"5,924.00",2024-04-07
167,HRL,2024040705000379,45,58,10.00,592.40,"5,924.00",2024-04-07
168,HRL,2024040705000380,45,58,10.00,592.40,"5,924.00",2024-04-07
169,HRL,2024040705000381,45,35,10.00,592.40,"5,924.00",2024-04-07
170,HRL,2024040705000383,33,38,20.00,592.30,"11,846.00",2024-04-07
171,HRL,2024040705000384,33,87,150.00,592.30,"88,845.00",2024-04-07
172,HRL,2024040705000396,4,58,10.00,593.00,"5,930.00",2024-04-07
173,HRL,2024040705000397,4,51,30.00,593.00,"17,790.00",2024-04-07
174,HRL,2024040705000398,4,45,20.00,593.00,"11,860.00",2024-04-07
175,HRL,2024040705000399,4,35,10.00,593.00,"5,930.00",2024-04-07
176,HRL,2024040705000400,4,34,10.00,593.00,"5,930.00",2024-04-07
177,HRL,2024040705000401,4,41,10.00,593.00,"5,930.00",2024-04-07
178,HRL,2024040705000402,4,42,10.00,593.00,"5,930.00",2024-04-07
179,HRL,2024040705000403,4,38,10.00,593.00,"5,930.00",2024-04-07
180,HRL,2024040705000404,4,8,10.00,593.00,"5,930.00",2024-04-07
181,HRL,2024040705000407,4,7,10.00,593.00,"5,930.00",2024-04-07
182,HRL,2024040705000409,45,38,20.00,593.20,"11,864.00",2024-04-07
183,HRL,2024040705000410,45,38,20.00,593.20,"11,864.00",2024-04-07
184,HRL,2024040705000413,45,7,10.00,593.20,"5,932.00",2024-04-07
185,HRL,2024040705000416,4,35,10.00,593.00,"5,930.00",2024-04-07
186,HRL,2024040705000417,4,6,10.00,593.00,"5,930.00",2024-04-07
187,HRL,2024040705000418,4,38,20.00,593.00,"11,860.00",2024-04-07
188,HRL,2024040705000420,4,58,10.00,593.00,"5,930.00",2024-04-07
189,HRL,2024040705000421,4,34,10.00,593.00,"5,930.00",2024-04-07
190,HRL,2024040705000424,4,59,10.00,593.00,"5,930.00",2024-04-07
191,HRL,2024040705000427,28,62,30.00,593.00,"17,790.00",2024-04-07
192,HRL,2024040705000429,28,38,10.00,593.00,"5,930.00",2024-04-07
193,HRL,2024040705000430,28,38,10.00,593.00,"5,930.00",2024-04-07
194,HRL,2024040705000431,28,33,10.00,593.00,"5,930.00",2024-04-07
195,HRL,2024040705000435,25,25,100.00,593.50,"59,350.00",2024-04-07
196,HRL,2024040705000436,28,38,10.00,593.00,"5,930.00",2024-04-07
197,HRL,2024040705000437,28,55,10.00,593.00,"5,930.00",2024-04-07
198,HRL,2024040705000438,28,16,150.00,593.00,"88,950.00",2024-04-07
199,HRL,2024040705000439,28,34,10.00,593.00,"5,930.00",2024-04-07
200,HRL,2024040705000440,28,56,10.00,593.00,"5,930.00",2024-04-07
201,HRL,2024040705000441,28,44,10.00,593.00,"5,930.00",2024-04-07
202,HRL,2024040705000447,45,55,10.00,593.10,"5,931.00",2024-04-07
203,HRL,2024040705000450,45,16,30.00,593.10,"17,793.00",2024-04-07
204,HRL,2024040705000451,28,59,10.00,593.00,"5,930.00",2024-04-07
205,HRL,2024040705000452,28,36,10.00,593.00,"5,930.00",2024-04-07
206,HRL,2024040705000454,28,94,10.00,593.00,"5,930.00",2024-04-07
207,HRL,2024040705000455,28,16,10.00,593.00,"5,930.00",2024-04-07
208,HRL,2024040705000463,18,63,15.00,592.30,"8,884.50",2024-04-07
209,HRL,2024040705000464,26,63,15.00,592.20,"8,883.00",2024-04-07
210,HRL,2024040705000469,26,50,205.00,592.20,"121,401.00",2024-04-07
211,HRL,2024040705000470,54,50,100.00,592.10,"59,210.00",2024-04-07
212,HRL,2024040705000471,45,50,95.00,592.00,"56,240.00",2024-04-07
213,HRL,2024040705000475,45,34,20.00,592.00,"11,840.00",2024-04-07
214,HRL,2024040705000477,45,58,10.00,592.00,"5,920.00",2024-04-07
215,HRL,2024040705000478,45,58,20.00,592.00,"11,840.00",2024-04-07
216,HRL,2024040705000479,45,52,10.00,592.00,"5,920.00",2024-04-07
217,HRL,2024040705000481,45,38,10.00,592.00,"5,920.00",2024-04-07
218,HRL,2024040705000483,45,4,20.00,592.00,"11,840.00",2024-04-07
219,HRL,2024040705000484,45,14,15.00,592.00,"8,880.00",2024-04-07
220,HRL,2024040705000485,4,14,12.00,592.00,"7,104.00",2024-04-07
221,HRL,2024040705000486,39,14,100.00,592.00,"59,200.00",2024-04-07
222,HRL,2024040705000487,34,38,10.00,591.20,"5,912.00",2024-04-07
223,HRL,2024040705000492,34,16,20.00,591.20,"11,824.00",2024-04-07
224,HRL,2024040705000493,34,14,70.00,591.20,"41,384.00",2024-04-07
225,HRL,2024040705000494,58,14,303.00,591.10,"179,103.30",2024-04-07
226,HRL,2024040705000497,58,16,10.00,591.10,"5,911.00",2024-04-07
227,HRL,2024040705000498,58,16,30.00,591.10,"17,733.00",2024-04-07
228,HRL,2024040705000499,58,58,10.00,591.10,"5,911.00",2024-04-07
229,HRL,2024040705000501,58,16,20.00,591.10,"11,822.00",2024-04-07
230,HRL,2024040705000502,58,16,30.00,591.10,"17,733.00",2024-04-07
231,HRL,2024040705000503,58,66,20.00,591.10,"11,822.00",2024-04-07
232,HRL,2024040705000504,58,16,10.00,591.10,"5,911.00",2024-04-07
233,HRL,2024040705000506,58,53,"1,000.00",591.10,"591,100.00",2024-04-07
234,HRL,2024040705000508,58,57,10.00,591.10,"5,911.00",2024-04-07
235,HRL,2024040705000509,58,59,10.00,591.10,"5,911.00",2024-04-07
236,HRL,2024040705000510,58,16,30.00,591.10,"17,733.00",2024-04-07
237,HRL,2024040705000511,58,48,50.00,591.10,"29,555.00",2024-04-07
238,HRL,2024040705000516,58,16,30.00,591.10,"17,733.00",2024-04-07
239,HRL,2024040705000518,58,58,10.00,591.10,"5,911.00",2024-04-07
240,HRL,2024040705000519,58,43,20.00,591.10,"11,822.00",2024-04-07
241,HRL,2024040705000523,58,16,30.00,591.10,"17,733.00",2024-04-07
242,HRL,2024040705000529,58,43,20.00,591.10,"11,822.00",2024-04-07
243,HRL,2024040705000530,58,17,10.00,591.10,"5,911.00",2024-04-07
244,HRL,2024040705000531,58,58,10.00,591.10,"5,911.00",2024-04-07
245,HRL,2024040705000534,58,58,40.00,591.10,"23,644.00",2024-04-07
246,HRL,2024040705000535,58,58,20.00,591.10,"11,822.00",2024-04-07
247,HRL,2024040705000536,58,53,277.00,591.10,"163,734.70",2024-04-07
248,HRL,2024040705000537,91,53,100.00,591.10,"59,110.00",2024-04-07
249,HRL,2024040705000538,17,53,500.00,591.10,"295,550.00",2024-04-07
250,HRL,2024040705000539,17,53,500.00,591.00,"295,500.00",2024-04-07
251,HRL,2024040705000540,49,53,123.00,591.00,"72,693.00",2024-04-07
252,HRL,2024040705000541,49,47,10.00,591.00,"5,910.00",2024-04-07
253,HRL,2024040705000542,49,49,20.00,591.00,"11,820.00",2024-04-07
254,HRL,2024040705000547,49,7,10.00,591.00,"5,910.00",2024-04-07
255,HRL,2024040705000564,49,38,10.00,591.00,"5,910.00",2024-04-07
256,HRL,2024040705000569,49,58,10.00,591.00,"5,910.00",2024-04-07
257,HRL,2024040705000571,49,44,20.00,591.00,"11,820.00",2024-04-07
258,HRL,2024040705000572,49,16,10.00,591.00,"5,910.00",2024-04-07
259,HRL,2024040705000573,49,49,40.00,591.00,"23,640.00",2024-04-07
260,HRL,2024040705000574,49,49,20.00,591.00,"11,820.00",2024-04-07
261,HRL,2024040705000578,49,55,10.00,591.00,"5,910.00",2024-04-07
262,HRL,2024040705000579,49,52,30.00,591.00,"17,730.00",2024-04-07
263,HRL,2024040705000580,49,16,10.00,591.00,"5,910.00",2024-04-07
264,HRL,2024040705000582,49,45,10.00,591.00,"5,910.00",2024-04-07
265,HRL,2024040705000583,49,39,20.00,591.00,"11,820.00",2024-04-07
266,HRL,2024040705000584,49,49,20.00,591.00,"11,820.00",2024-04-07
267,HRL,2024040705000588,49,58,127.00,591.00,"75,057.00",2024-04-07
268,HRL,2024040705000589,8,58,30.00,590.60,"17,718.00",2024-04-07
269,HRL,2024040705000590,51,58,40.00,590.20,"23,608.00",2024-04-07
270,HRL,2024040705000591,58,58,103.00,590.10,"60,780.30",2024-04-07
271,HRL,2024040705000597,58,41,150.00,590.10,"88,515.00",2024-04-07
272,HRL,2024040705000599,58,16,30.00,590.10,"17,703.00",2024-04-07
273,HRL,2024040705000602,58,16,50.00,590.10,"29,505.00",2024-04-07
274,HRL,2024040705000603,58,45,10.00,590.10,"5,901.00",2024-04-07
275,HRL,2024040705000604,58,16,30.00,590.10,"17,703.00",2024-04-07
276,HRL,2024040705000605,58,52,10.00,590.10,"5,901.00",2024-04-07
277,HRL,2024040705000607,58,53,10.00,590.10,"5,901.00",2024-04-07
278,HRL,2024040705000610,58,38,10.00,590.10,"5,901.00",2024-04-07
279,HRL,2024040705000611,58,58,10.00,590.10,"5,901.00",2024-04-07
280,HRL,2024040705000612,58,16,30.00,590.10,"17,703.00",2024-04-07
281,HRL,2024040705000614,17,16,30.00,590.20,"17,706.00",2024-04-07
282,HRL,2024040705000615,17,42,30.00,590.20,"17,706.00",2024-04-07
283,HRL,2024040705000616,17,45,10.00,590.20,"5,902.00",2024-04-07
284,HRL,2024040705000619,17,16,30.00,590.20,"17,706.00",2024-04-07
285,HRL,2024040705000620,17,1,10.00,590.20,"5,902.00",2024-04-07
286,HRL,2024040705000621,35,57,10.00,591.00,"5,910.00",2024-04-07
287,HRL,2024040705000622,17,16,30.00,590.20,"17,706.00",2024-04-07
288,HRL,2024040705000626,17,34,80.00,590.20,"47,216.00",2024-04-07
289,HRL,2024040705000628,56,42,20.00,591.00,"11,820.00",2024-04-07
290,HRL,2024040705000629,56,35,10.00,591.00,"5,910.00",2024-04-07
291,HRL,2024040705000630,56,52,10.00,591.00,"5,910.00",2024-04-07
292,HRL,2024040705000631,56,17,60.00,591.00,"35,460.00",2024-04-07
293,HRL,2024040705000632,56,55,10.00,591.00,"5,910.00",2024-04-07
294,HRL,2024040705000633,56,33,40.00,591.00,"23,640.00",2024-04-07
295,HRL,2024040705000634,56,50,20.00,591.00,"11,820.00",2024-04-07
296,HRL,2024040705000635,56,16,30.00,591.00,"17,730.00",2024-04-07
297,HRL,2024040705000638,56,49,10.00,591.00,"5,910.00",2024-04-07
298,HRL,2024040705000639,56,40,10.00,591.00,"5,910.00",2024-04-07
299,HRL,2024040705000640,56,38,10.00,591.00,"5,910.00",2024-04-07
300,HRL,2024040705000641,56,16,30.00,591.00,"17,730.00",2024-04-07
301,HRL,2024040705000642,56,50,20.00,591.00,"11,820.00",2024-04-07
302,HRL,2024040705000646,56,14,220.00,591.00,"130,020.00",2024-04-07
303,HRL,2024040705000647,17,48,10.00,590.20,"5,902.00",2024-04-07
304,HRL,2024040705000649,17,16,30.00,590.20,"17,706.00",2024-04-07
305,HRL,2024040705000650,17,57,20.00,590.20,"11,804.00",2024-04-07
306,HRL,2024040705000651,17,16,30.00,590.20,"17,706.00",2024-04-07
307,HRL,2024040705000653,17,16,20.00,590.20,"11,804.00",2024-04-07
308,HRL,2024040705000657,17,35,10.00,590.20,"5,902.00",2024-04-07
309,HRL,2024040705000659,17,58,130.00,590.20,"76,726.00",2024-04-07
310,HRL,2024040705000660,58,58,185.00,590.10,"109,168.50",2024-04-07
311,HRL,2024040705000661,58,45,10.00,590.10,"5,901.00",2024-04-07
312,HRL,2024040705000662,58,38,10.00,590.10,"5,901.00",2024-04-07
313,HRL,2024040705000668,58,49,10.00,591.00,"5,910.00",2024-04-07
314,HRL,2024040705000669,58,58,20.00,591.00,"11,820.00",2024-04-07
315,HRL,2024040705000671,58,16,30.00,591.00,"17,730.00",2024-04-07
316,HRL,2024040705000672,58,58,10.00,591.00,"5,910.00",2024-04-07
317,HRL,2024040705000673,58,16,10.00,591.00,"5,910.00",2024-04-07
318,HRL,2024040705000676,58,7,10.00,591.00,"5,910.00",2024-04-07
319,HRL,2024040705000678,70,56,20.00,591.10,"11,822.00",2024-04-07
320,HRL,2024040705000679,58,36,400.00,591.00,"236,400.00",2024-04-07
321,HRL,2024040705000682,58,36,20.00,591.00,"11,820.00",2024-04-07
322,HRL,2024040705000684,34,36,10.00,591.00,"5,910.00",2024-04-07
323,HRL,2024040705000685,36,58,10.00,590.20,"5,902.00",2024-04-07
324,HRL,2024040705000686,36,49,10.00,590.20,"5,902.00",2024-04-07
325,HRL,2024040705000691,36,51,10.00,590.20,"5,902.00",2024-04-07
326,HRL,2024040705000692,36,42,27.00,590.20,"15,935.40",2024-04-07
327,HRL,2024040705000693,36,45,10.00,590.20,"5,902.00",2024-04-07
328,HRL,2024040705000694,36,58,30.00,590.20,"17,706.00",2024-04-07
329,HRL,2024040705000695,49,49,10.00,590.20,"5,902.00",2024-04-07
330,HRL,2024040705000697,49,16,10.00,590.20,"5,902.00",2024-04-07
331,HRL,2024040705000701,49,34,30.00,590.20,"17,706.00",2024-04-07
332,HRL,2024040705000703,49,58,30.00,590.20,"17,706.00",2024-04-07
333,HRL,2024040705000706,49,50,20.00,590.20,"11,804.00",2024-04-07
334,HRL,2024040705000707,76,46,10.00,590.20,"5,902.00",2024-04-07
335,HRL,2024040705000709,76,45,10.00,590.20,"5,902.00",2024-04-07
336,HRL,2024040705000710,17,36,70.00,591.00,"41,370.00",2024-04-07
337,HRL,2024040705000711,76,16,10.00,590.20,"5,902.00",2024-04-07
338,HRL,2024040705000716,76,16,20.00,590.20,"11,804.00",2024-04-07
339,HRL,2024040705000717,39,16,10.00,590.20,"5,902.00",2024-04-07
340,HRL,2024040705000721,58,58,10.00,590.10,"5,901.00",2024-04-07
341,HRL,2024040705000722,58,3,10.00,590.10,"5,901.00",2024-04-07
342,HRL,2024040705000723,58,38,10.00,590.10,"5,901.00",2024-04-07
343,HRL,2024040705000724,6,16,10.00,590.20,"5,902.00",2024-04-07
344,HRL,2024040705000733,6,58,10.00,590.20,"5,902.00",2024-04-07
345,HRL,2024040705000734,6,62,10.00,590.20,"5,902.00",2024-04-07
346,HRL,2024040705000735,6,22,10.00,590.20,"5,902.00",2024-04-07
347,HRL,2024040705000737,6,58,10.00,590.20,"5,902.00",2024-04-07
348,HRL,2024040705000741,62,14,10.00,590.50,"5,905.00",2024-04-07
349,HRL,2024040705000742,62,32,10.00,591.00,"5,910.00",2024-04-07
350,HRL,2024040705000743,62,58,10.00,591.00,"5,910.00",2024-04-07
351,HRL,2024040705000744,62,19,10.00,591.00,"5,910.00",2024-04-07
352,HRL,2024040705000745,62,53,10.00,591.00,"5,910.00",2024-04-07
353,HRL,2024040705000746,62,32,60.00,591.00,"35,460.00",2024-04-07
354,HRL,2024040705000747,62,7,160.00,591.00,"94,560.00",2024-04-07
355,HRL,2024040705000748,62,38,10.00,591.00,"5,910.00",2024-04-07
356,HRL,2024040705000749,62,58,10.00,591.00,"5,910.00",2024-04-07
357,HRL,2024040705000750,62,35,10.00,591.00,"5,910.00",2024-04-07
358,HRL,2024040705000751,62,52,10.00,591.00,"5,910.00",2024-04-07
359,HRL,2024040705000752,6,1,10.00,590.20,"5,902.00",2024-04-07
360,HRL,2024040705000753,6,32,10.00,590.20,"5,902.00",2024-04-07
361,HRL,2024040705000754,6,68,10.00,590.20,"5,902.00",2024-04-07
362,HRL,2024040705000758,6,46,10.00,590.20,"5,902.00",2024-04-07
363,HRL,2024040705000759,14,49,50.00,590.30,"29,515.00",2024-04-07
364,HRL,2024040705000760,14,52,10.00,590.30,"5,903.00",2024-04-07
365,HRL,2024040705000761,14,16,10.00,590.30,"5,903.00",2024-04-07
366,HRL,2024040705000762,56,14,100.00,590.90,"59,090.00",2024-04-07
367,HRL,2024040705000763,45,14,10.00,590.90,"5,909.00",2024-04-07
368,HRL,2024040705000764,14,49,10.00,590.30,"5,903.00",2024-04-07
369,HRL,2024040705000765,14,14,400.00,590.30,"236,120.00",2024-04-07
370,HRL,2024040705000767,14,59,20.00,590.30,"11,806.00",2024-04-07
371,HRL,2024040705000769,45,49,100.00,590.50,"59,050.00",2024-04-07
372,HRL,2024040705000770,6,49,10.00,590.20,"5,902.00",2024-04-07
373,HRL,2024040705000771,21,49,100.00,590.20,"59,020.00",2024-04-07
374,HRL,2024040705000772,42,49,100.00,590.20,"59,020.00",2024-04-07
375,HRL,2024040705000773,58,49,690.00,590.10,"407,169.00",2024-04-07
376,HRL,2024040705000776,58,16,10.00,590.10,"5,901.00",2024-04-07
377,HRL,2024040705000779,95,58,30.00,590.30,"17,709.00",2024-04-07
378,HRL,2024040705000785,95,32,15.00,590.30,"8,854.50",2024-04-07
379,HRL,2024040705000787,58,52,10.00,590.10,"5,901.00",2024-04-07
380,HRL,2024040705000788,58,37,20.00,590.10,"11,802.00",2024-04-07
381,HRL,2024040705000791,58,51,30.00,590.10,"17,703.00",2024-04-07
382,HRL,2024040705000796,58,49,20.00,590.10,"11,802.00",2024-04-07
383,HRL,2024040705000799,65,45,10.00,590.30,"5,903.00",2024-04-07
384,HRL,2024040705000800,65,57,10.00,590.30,"5,903.00",2024-04-07
385,HRL,2024040705000801,65,34,10.00,590.30,"5,903.00",2024-04-07
386,HRL,2024040705000804,6,34,40.00,590.80,"23,632.00",2024-04-07
387,HRL,2024040705000805,6,52,10.00,591.00,"5,910.00",2024-04-07
388,HRL,2024040705000806,65,38,30.00,590.30,"17,709.00",2024-04-07
389,HRL,2024040705000807,65,38,10.00,590.30,"5,903.00",2024-04-07
390,HRL,2024040705000809,65,58,10.00,590.30,"5,903.00",2024-04-07
391,HRL,2024040705000815,65,45,10.00,590.30,"5,903.00",2024-04-07
392,HRL,2024040705000816,65,22,10.00,590.30,"5,903.00",2024-04-07
393,HRL,2024040705000817,65,14,400.00,590.30,"236,120.00",2024-04-07
394,HRL,2024040705000819,21,52,10.00,590.20,"5,902.00",2024-04-07
395,HRL,2024040705000820,21,39,30.00,590.20,"17,706.00",2024-04-07
396,HRL,2024040705000821,21,16,10.00,590.20,"5,902.00",2024-04-07
397,HRL,2024040705000822,21,19,50.00,590.20,"29,510.00",2024-04-07
398,HRL,2024040705000823,58,58,10.00,590.10,"5,901.00",2024-04-07
399,HRL,2024040705000828,14,35,20.00,590.20,"11,804.00",2024-04-07
400,HRL,2024040705000832,57,35,10.00,590.30,"5,903.00",2024-04-07
401,HRL,2024040705000836,57,19,10.00,590.30,"5,903.00",2024-04-07
402,HRL,2024040705000837,57,67,20.00,590.30,"11,806.00",2024-04-07
403,HRL,2024040705000838,14,67,50.00,590.20,"29,510.00",2024-04-07
404,HRL,2024040705000839,14,61,10.00,590.20,"5,902.00",2024-04-07
405,HRL,2024040705000840,14,16,10.00,590.20,"5,902.00",2024-04-07
406,HRL,2024040705000845,14,45,10.00,590.20,"5,902.00",2024-04-07
407,HRL,2024040705000846,6,8,20.00,591.00,"11,820.00",2024-04-07
408,HRL,2024040705000847,14,25,10.00,590.20,"5,902.00",2024-04-07
409,HRL,2024040705000848,14,54,10.00,590.20,"5,902.00",2024-04-07
410,HRL,2024040705000850,14,22,30.00,590.20,"17,706.00",2024-04-07
411,HRL,2024040705000851,48,49,10.00,591.00,"5,910.00",2024-04-07
412,HRL,2024040705000852,48,7,10.00,591.00,"5,910.00",2024-04-07
413,HRL,2024040705000853,48,32,10.00,591.00,"5,910.00",2024-04-07
414,HRL,2024040705000854,48,50,20.00,591.00,"11,820.00",2024-04-07
415,HRL,2024040705000855,14,62,10.00,590.20,"5,902.00",2024-04-07
416,HRL,2024040705000856,14,38,10.00,590.20,"5,902.00",2024-04-07
417,HRL,2024040705000857,14,45,10.00,590.20,"5,902.00",2024-04-07
418,HRL,2024040705000858,14,57,10.00,590.20,"5,902.00",2024-04-07
419,HRL,2024040705000864,14,32,20.00,590.20,"11,804.00",2024-04-07
420,HRL,2024040705000871,14,14,200.00,590.20,"118,040.00",2024-04-07
421,HRL,2024040705000872,14,6,10.00,590.20,"5,902.00",2024-04-07
422,HRL,2024040705000875,14,34,20.00,590.20,"11,804.00",2024-04-07
423,HRL,2024040705000877,14,19,20.00,590.20,"11,804.00",2024-04-07
424,HRL,2024040705000881,14,6,30.00,590.20,"17,706.00",2024-04-07
425,HRL,2024040705000882,14,42,10.00,590.20,"5,902.00",2024-04-07
426,HRL,2024040705000883,6,42,10.00,590.20,"5,902.00",2024-04-07
427,HRL,2024040705000885,57,6,20.00,590.20,"11,804.00",2024-04-07
428,HRL,2024040705000886,57,89,30.00,590.20,"17,706.00",2024-04-07
429,HRL,2024040705000887,58,89,532.00,590.10,"313,933.20",2024-04-07
430,HRL,2024040705000888,39,89,100.00,590.10,"59,010.00",2024-04-07
431,HRL,2024040705000889,57,89,150.00,590.10,"88,515.00",2024-04-07
432,HRL,2024040705000890,1,89,100.00,590.10,"59,010.00",2024-04-07
433,HRL,2024040705000891,58,89,100.00,590.00,"59,000.00",2024-04-07
434,HRL,2024040705000892,25,89,20.00,590.00,"11,800.00",2024-04-07
435,HRL,2024040705000893,29,89,100.00,590.00,"59,000.00",2024-04-07
436,HRL,2024040705000894,42,89,40.00,590.00,"23,600.00",2024-04-07
437,HRL,2024040705000895,26,89,10.00,590.00,"5,900.00",2024-04-07
438,HRL,2024040705000896,38,89,10.00,590.00,"5,900.00",2024-04-07
439,HRL,2024040705000897,57,89,100.00,590.00,"59,000.00",2024-04-07
440,HRL,2024040705000898,38,89,40.00,590.00,"23,600.00",2024-04-07
441,HRL,2024040705000899,44,89,300.00,590.00,"177,000.00",2024-04-07
442,HRL,2024040705000900,4,89,20.00,590.00,"11,800.00",2024-04-07
443,HRL,2024040705000901,29,89,200.00,590.00,"118,000.00",2024-04-07
444,HRL,2024040705000902,38,89,50.00,590.00,"29,500.00",2024-04-07
445,HRL,2024040705000903,51,89,80.00,590.00,"47,200.00",2024-04-07
446,HRL,2024040705000904,25,89,25.00,590.00,"14,750.00",2024-04-07
447,HRL,2024040705000905,14,89,50.00,590.00,"29,500.00",2024-04-07
448,HRL,2024040705000906,44,89,10.00,590.00,"5,900.00",2024-04-07
449,HRL,2024040705000907,21,89,50.00,590.00,"29,500.00",2024-04-07
450,HRL,2024040705000908,18,89,100.00,590.00,"59,000.00",2024-04-07
451,HRL,2024040705000909,26,89,20.00,590.00,"11,800.00",2024-04-07
452,HRL,2024040705000910,58,89,20.00,590.00,"11,800.00",2024-04-07
453,HRL,2024040705000911,1,89,100.00,590.00,"59,000.00",2024-04-07
454,HRL,2024040705000912,4,89,50.00,590.00,"29,500.00",2024-04-07
455,HRL,2024040705000913,51,89,93.00,590.00,"54,870.00",2024-04-07
456,HRL,2024040705000914,67,35,20.00,589.00,"11,780.00",2024-04-07
457,HRL,2024040705000915,67,59,20.00,589.00,"11,780.00",2024-04-07
458,HRL,2024040705000916,67,95,20.00,589.00,"11,780.00",2024-04-07
459,HRL,2024040705000920,67,35,20.00,589.00,"11,780.00",2024-04-07
460,HRL,2024040705000922,67,14,20.00,589.00,"11,780.00",2024-04-07
461,HRL,2024040705000923,58,14,27.00,589.00,"15,903.00",2024-04-07
462,HRL,2024040705000924,49,14,20.00,589.00,"11,780.00",2024-04-07
463,HRL,2024040705000925,58,14,213.00,589.00,"125,457.00",2024-04-07
464,HRL,2024040705000936,58,75,10.00,589.00,"5,890.00",2024-04-07
465,HRL,2024040705000940,58,49,20.00,589.00,"11,780.00",2024-04-07
466,HRL,2024040705000942,58,57,21.00,589.10,"12,371.10",2024-04-07
467,HRL,2024040705000946,58,39,20.00,589.10,"11,782.00",2024-04-07
468,HRL,2024040705000950,58,59,10.00,589.10,"5,891.00",2024-04-07
469,HRL,2024040705000955,62,38,10.00,590.00,"5,900.00",2024-04-07
470,HRL,2024040705000956,62,58,150.00,590.00,"88,500.00",2024-04-07
471,HRL,2024040705000957,62,45,20.00,590.00,"11,800.00",2024-04-07
472,HRL,2024040705000958,62,49,110.00,590.00,"64,900.00",2024-04-07
473,HRL,2024040705000960,58,95,20.00,589.10,"11,782.00",2024-04-07
474,HRL,2024040705000968,65,36,20.00,589.50,"11,790.00",2024-04-07
475,HRL,2024040705000969,65,19,10.00,589.50,"5,895.00",2024-04-07
476,HRL,2024040705000970,8,49,50.00,590.00,"29,500.00",2024-04-07
477,HRL,2024040705000972,8,7,30.00,590.00,"17,700.00",2024-04-07
478,HRL,2024040705000975,8,22,10.00,590.00,"5,900.00",2024-04-07
479,HRL,2024040705000977,25,6,10.00,590.10,"5,901.00",2024-04-07
480,HRL,2024040705000978,8,6,423.00,590.00,"249,570.00",2024-04-07
481,HRL,2024040705000979,8,58,20.00,590.00,"11,800.00",2024-04-07
482,HRL,2024040705000980,8,58,20.00,590.00,"11,800.00",2024-04-07
483,HRL,2024040705000982,8,35,447.00,590.00,"263,730.00",2024-04-07
484,HRL,2024040705000983,65,35,470.00,589.50,"277,065.00",2024-04-07
485,HRL,2024040705000984,21,35,50.00,589.20,"29,460.00",2024-04-07
486,HRL,2024040705000985,59,35,500.00,589.20,"294,600.00",2024-04-07
487,HRL,2024040705000986,58,35,209.00,589.10,"123,121.90",2024-04-07
488,HRL,2024040705000987,58,35,530.00,589.10,"312,223.00",2024-04-07
489,HRL,2024040705000988,58,35,"2,794.00",589.00,"1,645,666.00",2024-04-07
490,HRL,2024040705000991,58,8,20.00,589.00,"11,780.00",2024-04-07
491,HRL,2024040705000992,58,45,10.00,589.00,"5,890.00",2024-04-07
492,HRL,2024040705000994,58,29,10.00,589.00,"5,890.00",2024-04-07
493,HRL,2024040705000997,16,44,10.00,590.00,"5,900.00",2024-04-07
494,HRL,2024040705000998,16,38,10.00,590.00,"5,900.00",2024-04-07
495,HRL,2024040705001000,16,49,10.00,590.00,"5,900.00",2024-04-07
496,HRL,2024040705001001,16,19,10.00,590.00,"5,900.00",2024-04-07
497,HRL,2024040705001002,16,22,10.00,590.00,"5,900.00",2024-04-07
498,HRL,2024040705001004,48,35,100.00,590.00,"59,000.00",2024-04-07
499,HRL,2024040705001006,58,89,"1,923.00",589.00,"1,132,647.00",2024-04-07
500,HRL,2024040705001007,21,89,100.00,589.00,"58,900.00",2024-04-07
501,HRL,2024040705001008,17,89,200.00,589.00,"117,800.00",2024-04-07
502,HRL,2024040705001009,71,89,50.00,589.00,"29,450.00",2024-04-07
503,HRL,2024040705001010,17,89,100.00,589.00,"58,900.00",2024-04-07
504,HRL,2024040705001011,4,89,20.00,589.00,"11,780.00",2024-04-07
505,HRL,2024040705001012,52,89,50.00,588.40,"29,420.00",2024-04-07
506,HRL,2024040705001013,45,89,57.00,588.30,"33,533.10",2024-04-07
507,HRL,2024040705001021,58,49,10.00,589.00,"5,890.00",2024-04-07
508,HRL,2024040705001024,58,59,10.00,589.00,"5,890.00",2024-04-07
509,HRL,2024040705001025,58,49,20.00,589.00,"11,780.00",2024-04-07
510,HRL,2024040705001035,58,35,20.00,589.00,"11,780.00",2024-04-07
511,HRL,2024040705001036,58,42,10.00,589.00,"5,890.00",2024-04-07
512,HRL,2024040705001037,58,54,20.00,589.00,"11,780.00",2024-04-07
513,HRL,2024040705001041,58,52,10.00,589.00,"5,890.00",2024-04-07
514,HRL,2024040705001042,58,38,10.00,589.00,"5,890.00",2024-04-07
515,HRL,2024040705001043,58,59,20.00,589.00,"11,780.00",2024-04-07
516,HRL,2024040705001046,58,58,10.00,589.00,"5,890.00",2024-04-07
517,HRL,2024040705001047,58,58,60.00,589.00,"35,340.00",2024-04-07
518,HRL,2024040705001049,54,35,20.00,590.00,"11,800.00",2024-04-07
519,HRL,2024040705001050,58,6,40.00,589.00,"23,560.00",2024-04-07
520,HRL,2024040705001051,8,6,10.00,589.00,"5,890.00",2024-04-07
521,HRL,2024040705001055,8,43,10.00,589.00,"5,890.00",2024-04-07
522,HRL,2024040705001056,45,35,80.00,590.00,"47,200.00",2024-04-07
523,HRL,2024040705001057,45,34,10.00,590.00,"5,900.00",2024-04-07
524,HRL,2024040705001058,45,38,10.00,590.00,"5,900.00",2024-04-07
525,HRL,2024040705001059,8,51,20.00,589.00,"11,780.00",2024-04-07
526,HRL,2024040705001066,8,16,10.00,589.00,"5,890.00",2024-04-07
527,HRL,2024040705001067,8,38,20.00,589.00,"11,780.00",2024-04-07
528,HRL,2024040705001068,59,7,10.00,590.00,"5,900.00",2024-04-07
529,HRL,2024040705001069,59,45,20.00,590.00,"11,800.00",2024-04-07
530,HRL,2024040705001070,59,58,70.00,590.00,"41,300.00",2024-04-07
531,HRL,2024040705001071,8,49,10.00,589.00,"5,890.00",2024-04-07
532,HRL,2024040705001074,44,58,70.00,590.00,"41,300.00",2024-04-07
533,HRL,2024040705001075,38,58,10.00,590.00,"5,900.00",2024-04-07
534,HRL,2024040705001076,38,35,10.00,590.00,"5,900.00",2024-04-07
535,HRL,2024040705001077,38,44,10.00,590.00,"5,900.00",2024-04-07
536,HRL,2024040705001078,38,59,10.00,590.00,"5,900.00",2024-04-07
537,HRL,2024040705001084,21,52,10.00,589.10,"5,891.00",2024-04-07
538,HRL,2024040705001089,21,16,10.00,589.10,"5,891.00",2024-04-07
539,HRL,2024040705001093,34,58,10.00,589.20,"5,892.00",2024-04-07
540,HRL,2024040705001094,34,22,10.00,589.20,"5,892.00",2024-04-07
541,HRL,2024040705001095,34,38,20.00,589.20,"11,784.00",2024-04-07
542,HRL,2024040705001096,21,3,20.00,589.10,"11,782.00",2024-04-07
543,HRL,2024040705001103,40,22,10.00,589.20,"5,892.00",2024-04-07
544,HRL,2024040705001107,42,59,25.00,590.00,"14,750.00",2024-04-07
545,HRL,2024040705001108,40,58,20.00,589.20,"11,784.00",2024-04-07
546,HRL,2024040705001112,8,36,10.00,589.20,"5,892.00",2024-04-07
547,HRL,2024040705001114,8,57,21.00,589.20,"12,373.20",2024-04-07
548,HRL,2024040705001116,8,58,20.00,589.20,"11,784.00",2024-04-07
549,HRL,2024040705001118,8,58,10.00,589.20,"5,892.00",2024-04-07
550,HRL,2024040705001127,8,34,10.00,589.20,"5,892.00",2024-04-07
551,HRL,2024040705001128,8,58,10.00,589.20,"5,892.00",2024-04-07
552,HRL,2024040705001129,8,16,10.00,589.20,"5,892.00",2024-04-07
553,HRL,2024040705001130,8,41,10.00,589.20,"5,892.00",2024-04-07
554,HRL,2024040705001131,8,17,20.00,589.20,"11,784.00",2024-04-07
555,HRL,2024040705001136,8,34,20.00,589.20,"11,784.00",2024-04-07
556,HRL,2024040705001138,8,58,10.00,589.20,"5,892.00",2024-04-07
557,HRL,2024040705001139,8,16,10.00,589.20,"5,892.00",2024-04-07
558,HRL,2024040705001141,8,58,10.00,589.20,"5,892.00",2024-04-07
559,HRL,2024040705001144,8,59,20.00,589.20,"11,784.00",2024-04-07
560,HRL,2024040705001145,8,56,10.00,589.20,"5,892.00",2024-04-07
561,HRL,2024040705001148,8,29,20.00,589.20,"11,784.00",2024-04-07
562,HRL,2024040705001149,8,32,10.00,589.20,"5,892.00",2024-04-07
563,HRL,2024040705001152,8,29,20.00,589.20,"11,784.00",2024-04-07
564,HRL,2024040705001154,8,49,20.00,589.20,"11,784.00",2024-04-07
565,HRL,2024040705001155,8,45,10.00,589.20,"5,892.00",2024-04-07
566,HRL,2024040705001156,8,13,20.00,589.20,"11,784.00",2024-04-07
567,HRL,2024040705001157,8,58,10.00,589.20,"5,892.00",2024-04-07
568,HRL,2024040705001158,8,21,20.00,589.20,"11,784.00",2024-04-07
569,HRL,2024040705001159,8,16,10.00,589.20,"5,892.00",2024-04-07
570,HRL,2024040705001160,8,51,20.00,589.20,"11,784.00",2024-04-07
571,HRL,2024040705001161,8,14,40.00,589.20,"23,568.00",2024-04-07
572,HRL,2024040705001162,42,57,30.00,589.30,"17,679.00",2024-04-07
573,HRL,2024040705001163,8,57,55.00,589.20,"32,406.00",2024-04-07
574,HRL,2024040705001170,8,19,10.00,589.20,"5,892.00",2024-04-07
575,HRL,2024040705001172,8,34,10.00,589.20,"5,892.00",2024-04-07
576,HRL,2024040705001173,8,16,10.00,589.20,"5,892.00",2024-04-07
577,HRL,2024040705001175,8,14,30.00,589.20,"17,676.00",2024-04-07
578,HRL,2024040705001176,8,38,20.00,589.20,"11,784.00",2024-04-07
579,HRL,2024040705001183,8,35,10.00,589.20,"5,892.00",2024-04-07
580,HRL,2024040705001184,8,29,20.00,589.20,"11,784.00",2024-04-07
581,HRL,2024040705001188,8,22,10.00,589.20,"5,892.00",2024-04-07
582,HRL,2024040705001191,8,14,20.00,589.20,"11,784.00",2024-04-07
583,HRL,2024040705001192,8,29,20.00,589.20,"11,784.00",2024-04-07
584,HRL,2024040705001194,8,49,10.00,589.20,"5,892.00",2024-04-07
585,HRL,2024040705001195,8,59,20.00,589.20,"11,784.00",2024-04-07
586,HRL,2024040705001196,8,45,10.00,589.20,"5,892.00",2024-04-07
587,HRL,2024040705001197,8,49,10.00,589.20,"5,892.00",2024-04-07
588,HRL,2024040705001199,8,45,10.00,589.20,"5,892.00",2024-04-07
589,HRL,2024040705001200,8,51,20.00,589.20,"11,784.00",2024-04-07
590,HRL,2024040705001202,16,43,20.00,589.30,"11,786.00",2024-04-07
591,HRL,2024040705001203,16,45,10.00,589.30,"5,893.00",2024-04-07
592,HRL,2024040705001205,51,59,50.00,590.00,"29,500.00",2024-04-07
593,HRL,2024040705001206,16,57,10.00,589.30,"5,893.00",2024-04-07
594,HRL,2024040705001209,14,59,15.00,590.00,"8,850.00",2024-04-07
595,HRL,2024040705001210,14,29,30.00,590.00,"17,700.00",2024-04-07
596,HRL,2024040705001211,14,58,10.00,590.00,"5,900.00",2024-04-07
597,HRL,2024040705001212,14,58,10.00,590.00,"5,900.00",2024-04-07
598,HRL,2024040705001213,14,45,20.00,590.00,"11,800.00",2024-04-07
599,HRL,2024040705001214,14,38,30.00,590.00,"17,700.00",2024-04-07
600,HRL,2024040705001215,14,42,20.00,590.00,"11,800.00",2024-04-07
601,HRL,2024040705001216,14,45,10.00,590.00,"5,900.00",2024-04-07
602,HRL,2024040705001217,14,45,10.00,590.00,"5,900.00",2024-04-07
603,HRL,2024040705001218,14,58,20.00,590.00,"11,800.00",2024-04-07
604,HRL,2024040705001219,14,17,120.00,590.00,"70,800.00",2024-04-07
605,HRL,2024040705001220,14,38,20.00,590.00,"11,800.00",2024-04-07
606,HRL,2024040705001221,14,40,100.00,590.00,"59,000.00",2024-04-07
607,HRL,2024040705001222,14,6,20.00,590.00,"11,800.00",2024-04-07
608,HRL,2024040705001223,14,58,30.00,590.00,"17,700.00",2024-04-07
609,HRL,2024040705001224,14,45,20.00,590.00,"11,800.00",2024-04-07
610,HRL,2024040705001225,14,16,10.00,590.00,"5,900.00",2024-04-07
611,HRL,2024040705001233,8,45,20.00,589.20,"11,784.00",2024-04-07
612,HRL,2024040705001242,8,41,20.00,589.20,"11,784.00",2024-04-07
613,HRL,2024040705001243,8,16,10.00,589.20,"5,892.00",2024-04-07
614,HRL,2024040705001245,21,34,20.00,589.30,"11,786.00",2024-04-07
615,HRL,2024040705001258,21,58,10.00,589.30,"5,893.00",2024-04-07
616,HRL,2024040705001260,21,58,10.00,589.30,"5,893.00",2024-04-07
617,HRL,2024040705001263,21,22,10.00,589.30,"5,893.00",2024-04-07
618,HRL,2024040705001264,1,58,10.00,590.00,"5,900.00",2024-04-07
619,HRL,2024040705001265,1,48,10.00,590.00,"5,900.00",2024-04-07
620,HRL,2024040705001266,1,58,20.00,590.00,"11,800.00",2024-04-07
621,HRL,2024040705001267,1,62,30.00,590.00,"17,700.00",2024-04-07
622,HRL,2024040705001268,1,52,10.00,590.00,"5,900.00",2024-04-07
623,HRL,2024040705001269,1,38,20.00,590.00,"11,800.00",2024-04-07
624,HRL,2024040705001270,65,44,10.00,589.30,"5,893.00",2024-04-07
625,HRL,2024040705001271,65,43,20.00,589.30,"11,786.00",2024-04-07
626,HRL,2024040705001273,57,55,20.00,590.00,"11,800.00",2024-04-07
627,HRL,2024040705001274,57,14,10.00,590.00,"5,900.00",2024-04-07
628,HRL,2024040705001275,57,58,10.00,590.00,"5,900.00",2024-04-07
629,HRL,2024040705001276,45,64,20.00,589.40,"11,788.00",2024-04-07
630,HRL,2024040705001277,45,45,10.00,589.40,"5,894.00",2024-04-07
631,HRL,2024040705001278,29,34,10.00,590.00,"5,900.00",2024-04-07
632,HRL,2024040705001279,29,58,10.00,590.00,"5,900.00",2024-04-07
633,HRL,2024040705001280,29,39,10.00,590.00,"5,900.00",2024-04-07
634,HRL,2024040705001281,29,22,30.00,590.00,"17,700.00",2024-04-07
635,HRL,2024040705001282,29,4,20.00,590.00,"11,800.00",2024-04-07
636,HRL,2024040705001283,29,49,20.00,590.00,"11,800.00",2024-04-07
637,HRL,2024040705001284,29,51,10.00,590.00,"5,900.00",2024-04-07
638,HRL,2024040705001285,29,58,20.00,590.00,"11,800.00",2024-04-07
639,HRL,2024040705001286,29,38,10.00,590.00,"5,900.00",2024-04-07
640,HRL,2024040705001287,29,58,10.00,590.00,"5,900.00",2024-04-07
641,HRL,2024040705001288,29,46,20.00,590.00,"11,800.00",2024-04-07
642,HRL,2024040705001289,29,18,10.00,590.00,"5,900.00",2024-04-07
643,HRL,2024040705001290,29,19,10.00,590.00,"5,900.00",2024-04-07
644,HRL,2024040705001291,29,50,20.00,590.00,"11,800.00",2024-04-07
645,HRL,2024040705001292,29,58,10.00,590.00,"5,900.00",2024-04-07
646,HRL,2024040705001298,38,58,10.00,589.50,"5,895.00",2024-04-07
647,HRL,2024040705001299,38,58,20.00,589.50,"11,790.00",2024-04-07
648,HRL,2024040705001300,38,57,20.00,589.50,"11,790.00",2024-04-07
649,HRL,2024040705001301,45,13,10.00,589.60,"5,896.00",2024-04-07
650,HRL,2024040705001305,8,58,10.00,590.00,"5,900.00",2024-04-07
651,HRL,2024040705001306,8,58,10.00,590.00,"5,900.00",2024-04-07
652,HRL,2024040705001307,8,56,20.00,590.00,"11,800.00",2024-04-07
653,HRL,2024040705001308,8,5,10.00,590.00,"5,900.00",2024-04-07
654,HRL,2024040705001309,8,22,10.00,590.00,"5,900.00",2024-04-07
655,HRL,2024040705001310,8,35,20.00,590.00,"11,800.00",2024-04-07
656,HRL,2024040705001311,8,42,20.00,590.00,"11,800.00",2024-04-07
657,HRL,2024040705001312,45,56,10.00,589.60,"5,896.00",2024-04-07
658,HRL,2024040705001313,5,42,30.00,590.00,"17,700.00",2024-04-07
659,HRL,2024040705001316,45,16,10.00,589.60,"5,896.00",2024-04-07
660,HRL,2024040705001317,45,55,20.00,589.60,"11,792.00",2024-04-07
661,HRL,2024040705001319,8,58,10.00,590.00,"5,900.00",2024-04-07
662,HRL,2024040705001320,8,34,10.00,590.00,"5,900.00",2024-04-07
663,HRL,2024040705001321,8,41,10.00,590.00,"5,900.00",2024-04-07
664,HRL,2024040705001322,8,52,10.00,590.00,"5,900.00",2024-04-07
665,HRL,2024040705001323,8,21,10.00,590.00,"5,900.00",2024-04-07
666,HRL,2024040705001324,8,57,10.00,590.00,"5,900.00",2024-04-07
667,HRL,2024040705001326,8,14,10.00,590.00,"5,900.00",2024-04-07
668,HRL,2024040705001330,8,7,30.00,590.00,"17,700.00",2024-04-07
669,HRL,2024040705001334,45,55,20.00,589.60,"11,792.00",2024-04-07
670,HRL,2024040705001337,38,16,10.00,589.50,"5,895.00",2024-04-07
671,HRL,2024040705001338,38,4,10.00,589.50,"5,895.00",2024-04-07
672,HRL,2024040705001342,38,22,10.00,589.50,"5,895.00",2024-04-07
673,HRL,2024040705001343,38,51,20.00,589.50,"11,790.00",2024-04-07
674,HRL,2024040705001344,38,55,20.00,589.50,"11,790.00",2024-04-07
675,HRL,2024040705001345,38,44,20.00,589.50,"11,790.00",2024-04-07
676,HRL,2024040705001350,54,38,20.00,590.00,"11,800.00",2024-04-07
677,HRL,2024040705001351,54,48,10.00,590.00,"5,900.00",2024-04-07
678,HRL,2024040705001355,54,49,20.00,590.00,"11,800.00",2024-04-07
679,HRL,2024040705001357,54,58,10.00,590.00,"5,900.00",2024-04-07
680,HRL,2024040705001359,54,49,10.00,590.00,"5,900.00",2024-04-07
681,HRL,2024040705001365,54,59,20.00,590.00,"11,800.00",2024-04-07
682,HRL,2024040705001367,54,47,10.00,590.00,"5,900.00",2024-04-07
683,HRL,2024040705001368,36,47,20.00,590.00,"11,800.00",2024-04-07
684,HRL,2024040705001369,36,42,20.00,590.00,"11,800.00",2024-04-07
685,HRL,2024040705001371,36,6,20.00,590.00,"11,800.00",2024-04-07
686,HRL,2024040705001372,36,8,10.00,590.00,"5,900.00",2024-04-07
687,HRL,2024040705001382,36,58,20.00,590.00,"11,800.00",2024-04-07
688,HRL,2024040705001383,26,58,10.00,590.30,"5,903.00",2024-04-07
689,HRL,2024040705001384,26,51,10.00,590.30,"5,903.00",2024-04-07
690,HRL,2024040705001385,26,58,10.00,590.30,"5,903.00",2024-04-07
691,HRL,2024040705001386,26,32,10.00,590.50,"5,905.00",2024-04-07
692,HRL,2024040705001387,26,49,10.00,590.50,"5,905.00",2024-04-07
693,HRL,2024040705001388,26,57,10.00,591.00,"5,910.00",2024-04-07
694,HRL,2024040705001389,26,62,30.00,591.00,"17,730.00",2024-04-07
695,HRL,2024040705001390,26,58,50.00,591.00,"29,550.00",2024-04-07
696,HRL,2024040705001391,26,17,10.00,591.00,"5,910.00",2024-04-07
697,HRL,2024040705001392,26,52,10.00,591.00,"5,910.00",2024-04-07
698,HRL,2024040705001393,26,41,10.00,591.00,"5,910.00",2024-04-07
699,HRL,2024040705001394,26,14,20.00,591.00,"11,820.00",2024-04-07
700,HRL,2024040705001395,26,57,30.00,591.00,"17,730.00",2024-04-07
701,HRL,2024040705001396,26,35,10.00,591.00,"5,910.00",2024-04-07
702,HRL,2024040705001397,26,28,10.00,591.00,"5,910.00",2024-04-07
703,HRL,2024040705001398,26,29,20.00,591.00,"11,820.00",2024-04-07
704,HRL,2024040705001399,26,87,10.00,591.00,"5,910.00",2024-04-07
705,HRL,2024040705001400,26,52,10.00,591.00,"5,910.00",2024-04-07
706,HRL,2024040705001406,26,44,10.00,591.00,"5,910.00",2024-04-07
707,HRL,2024040705001410,26,58,10.00,591.00,"5,910.00",2024-04-07
708,HRL,2024040705001411,26,38,10.00,591.00,"5,910.00",2024-04-07
709,HRL,2024040705001413,26,45,30.00,591.00,"17,730.00",2024-04-07
710,HRL,2024040705001416,26,49,10.00,591.00,"5,910.00",2024-04-07
711,HRL,2024040705001417,26,45,10.00,591.00,"5,910.00",2024-04-07
712,HRL,2024040705001419,26,48,10.00,591.00,"5,910.00",2024-04-07
713,HRL,2024040705001421,26,8,10.00,591.00,"5,910.00",2024-04-07
714,HRL,2024040705001436,26,21,30.00,591.00,"17,730.00",2024-04-07
715,HRL,2024040705001437,26,22,10.00,591.00,"5,910.00",2024-04-07
716,HRL,2024040705001438,33,17,10.00,591.20,"5,912.00",2024-04-07
717,HRL,2024040705001439,5,49,10.00,591.20,"5,912.00",2024-04-07
718,HRL,2024040705001440,26,49,10.00,591.00,"5,910.00",2024-04-07
719,HRL,2024040705001455,26,21,20.00,591.00,"11,820.00",2024-04-07
720,HRL,2024040705001456,26,38,20.00,591.00,"11,820.00",2024-04-07
721,HRL,2024040705001457,26,58,30.00,591.00,"17,730.00",2024-04-07
722,HRL,2024040705001459,39,56,10.00,591.00,"5,910.00",2024-04-07
723,HRL,2024040705001461,39,38,10.00,591.00,"5,910.00",2024-04-07
724,HRL,2024040705001462,44,38,10.00,590.20,"5,902.00",2024-04-07
725,HRL,2024040705001466,6,38,20.00,590.30,"11,806.00",2024-04-07
726,HRL,2024040705001473,49,58,20.00,590.60,"11,812.00",2024-04-07
727,HRL,2024040705001474,49,1,10.00,590.60,"5,906.00",2024-04-07
728,HRL,2024040705001476,49,53,20.00,590.60,"11,812.00",2024-04-07
729,HRL,2024040705001484,49,55,20.00,590.60,"11,812.00",2024-04-07
730,HRL,2024040705001487,62,35,10.00,590.70,"5,907.00",2024-04-07
731,HRL,2024040705001489,57,4,30.00,591.00,"17,730.00",2024-04-07
732,HRL,2024040705001490,57,44,20.00,591.00,"11,820.00",2024-04-07
733,HRL,2024040705001496,40,44,10.00,591.00,"5,910.00",2024-04-07
734,HRL,2024040705001497,40,59,10.00,591.00,"5,910.00",2024-04-07
735,HRL,2024040705001498,40,53,10.00,591.00,"5,910.00",2024-04-07
736,HRL,2024040705001499,40,8,20.00,591.00,"11,820.00",2024-04-07
737,HRL,2024040705001500,40,29,20.00,591.00,"11,820.00",2024-04-07
738,HRL,2024040705001501,40,44,30.00,591.00,"17,730.00",2024-04-07
739,HRL,2024040705001504,1,22,10.00,591.00,"5,910.00",2024-04-07
740,HRL,2024040705001513,1,38,10.00,591.00,"5,910.00",2024-04-07
741,HRL,2024040705001514,1,21,20.00,591.00,"11,820.00",2024-04-07
742,HRL,2024040705001523,1,55,10.00,591.00,"5,910.00",2024-04-07
743,HRL,2024040705001525,1,34,10.00,591.00,"5,910.00",2024-04-07
744,HRL,2024040705001537,56,48,20.00,592.00,"11,840.00",2024-04-07
745,HRL,2024040705001538,56,49,20.00,592.00,"11,840.00",2024-04-07
746,HRL,2024040705001539,56,45,20.00,592.00,"11,840.00",2024-04-07
747,HRL,2024040705001540,56,81,10.00,592.00,"5,920.00",2024-04-07
748,HRL,2024040705001541,56,6,30.00,592.00,"17,760.00",2024-04-07
749,HRL,2024040705001542,56,7,30.00,592.00,"17,760.00",2024-04-07
750,HRL,2024040705001543,56,25,50.00,592.00,"29,600.00",2024-04-07
751,HRL,2024040705001544,56,42,10.00,592.00,"5,920.00",2024-04-07
752,HRL,2024040705001545,56,32,10.00,592.00,"5,920.00",2024-04-07
753,HRL,2024040705001546,56,7,10.00,592.00,"5,920.00",2024-04-07
754,HRL,2024040705001547,56,38,10.00,592.00,"5,920.00",2024-04-07
755,HRL,2024040705001548,56,58,10.00,592.00,"5,920.00",2024-04-07
756,HRL,2024040705001549,56,62,100.00,592.00,"59,200.00",2024-04-07
757,HRL,2024040705001550,56,14,20.00,592.00,"11,840.00",2024-04-07
758,HRL,2024040705001551,56,33,10.00,592.00,"5,920.00",2024-04-07
759,HRL,2024040705001552,56,58,10.00,592.00,"5,920.00",2024-04-07
760,HRL,2024040705001553,56,48,10.00,592.00,"5,920.00",2024-04-07
761,HRL,2024040705001554,56,35,10.00,592.00,"5,920.00",2024-04-07
762,HRL,2024040705001555,56,54,10.00,592.00,"5,920.00",2024-04-07
763,HRL,2024040705001556,56,58,950.00,592.00,"562,400.00",2024-04-07
764,HRL,2024040705001557,56,77,30.00,592.00,"17,760.00",2024-04-07
765,HRL,2024040705001558,56,45,10.00,592.00,"5,920.00",2024-04-07
766,HRL,2024040705001559,56,49,20.00,592.00,"11,840.00",2024-04-07
767,HRL,2024040705001560,56,39,20.00,592.00,"11,840.00",2024-04-07
768,HRL,2024040705001561,56,4,10.00,592.00,"5,920.00",2024-04-07
769,HRL,2024040705001562,56,49,10.00,592.00,"5,920.00",2024-04-07
770,HRL,2024040705001563,56,58,10.00,592.00,"5,920.00",2024-04-07
771,HRL,2024040705001564,56,35,20.00,592.00,"11,840.00",2024-04-07
772,HRL,2024040705001565,56,58,10.00,592.00,"5,920.00",2024-04-07
773,HRL,2024040705001566,56,17,10.00,592.00,"5,920.00",2024-04-07
774,HRL,2024040705001567,56,57,20.00,592.00,"11,840.00",2024-04-07
775,HRL,2024040705001568,56,38,30.00,592.00,"17,760.00",2024-04-07
776,HRL,2024040705001569,56,45,10.00,592.00,"5,920.00",2024-04-07
777,HRL,2024040705001570,56,28,20.00,592.00,"11,840.00",2024-04-07
778,HRL,2024040705001571,56,6,20.00,592.00,"11,840.00",2024-04-07
779,HRL,2024040705001572,56,46,10.00,592.00,"5,920.00",2024-04-07
780,HRL,2024040705001573,56,58,10.00,592.00,"5,920.00",2024-04-07
781,HRL,2024040705001575,1,35,10.00,591.00,"5,910.00",2024-04-07
782,HRL,2024040705001589,1,1,10.00,591.00,"5,910.00",2024-04-07
783,HRL,2024040705001591,1,16,10.00,591.00,"5,910.00",2024-04-07
784,HRL,2024040705001592,1,35,10.00,591.00,"5,910.00",2024-04-07
785,HRL,2024040705001593,57,21,40.00,591.00,"23,640.00",2024-04-07
786,HRL,2024040705001597,57,58,20.00,591.00,"11,820.00",2024-04-07
787,HRL,2024040705001598,40,58,200.00,591.00,"118,200.00",2024-04-07
788,HRL,2024040705001602,41,57,10.00,590.80,"5,908.00",2024-04-07
789,HRL,2024040705001613,48,58,70.00,591.00,"41,370.00",2024-04-07
790,HRL,2024040705001615,41,38,10.00,590.80,"5,908.00",2024-04-07
791,HRL,2024040705001619,62,6,10.00,590.80,"5,908.00",2024-04-07
792,HRL,2024040705001621,29,58,700.00,591.00,"413,700.00",2024-04-07
793,HRL,2024040705001626,56,56,6.00,579.20,"3,475.20",2024-04-07
794,HRL,2024040705001627,44,58,10.00,591.00,"5,910.00",2024-04-07
795,HRL,2024040705001628,44,57,10.00,591.00,"5,910.00",2024-04-07
796,HRL,2024040705001629,62,59,20.00,590.80,"11,816.00",2024-04-07
797,HRL,2024040705001631,22,49,10.00,591.00,"5,910.00",2024-04-07
798,HRL,2024040705001632,22,54,10.00,592.00,"5,920.00",2024-04-07
799,HRL,2024040705001633,49,4,10.00,591.00,"5,910.00",2024-04-07
800,HRL,2024040705001634,5,54,20.00,592.00,"11,840.00",2024-04-07
801,HRL,2024040705001635,5,11,10.00,592.00,"5,920.00",2024-04-07
802,HRL,2024040705001636,5,35,10.00,592.00,"5,920.00",2024-04-07
803,HRL,2024040705001637,5,34,10.00,592.00,"5,920.00",2024-04-07
804,HRL,2024040705001638,49,34,20.00,592.00,"11,840.00",2024-04-07
805,HRL,2024040705001639,49,52,20.00,592.00,"11,840.00",2024-04-07
806,HRL,2024040705001640,49,34,10.00,592.00,"5,920.00",2024-04-07
807,HRL,2024040705001641,49,61,10.00,592.00,"5,920.00",2024-04-07
808,HRL,2024040705001642,49,49,10.00,592.00,"5,920.00",2024-04-07
809,HRL,2024040705001644,49,46,20.00,592.00,"11,840.00",2024-04-07
810,HRL,2024040705001647,49,16,10.00,592.00,"5,920.00",2024-04-07
811,HRL,2024040705001648,16,14,20.00,592.10,"11,842.00",2024-04-07
812,HRL,2024040705001649,16,19,20.00,592.10,"11,842.00",2024-04-07
813,HRL,2024040705001650,16,77,20.00,592.50,"11,850.00",2024-04-07
814,HRL,2024040705001651,16,58,10.00,593.00,"5,930.00",2024-04-07
815,HRL,2024040705001652,16,45,30.00,593.00,"17,790.00",2024-04-07
816,HRL,2024040705001653,16,34,20.00,593.00,"11,860.00",2024-04-07
817,HRL,2024040705001654,16,42,30.00,593.00,"17,790.00",2024-04-07
818,HRL,2024040705001655,16,38,10.00,593.00,"5,930.00",2024-04-07
819,HRL,2024040705001656,16,42,10.00,593.00,"5,930.00",2024-04-07
820,HRL,2024040705001657,16,46,10.00,593.00,"5,930.00",2024-04-07
821,HRL,2024040705001658,16,51,10.00,593.00,"5,930.00",2024-04-07
822,HRL,2024040705001659,16,42,20.00,593.00,"11,860.00",2024-04-07
823,HRL,2024040705001660,16,4,10.00,593.00,"5,930.00",2024-04-07
824,HRL,2024040705001661,16,21,91.00,593.00,"53,963.00",2024-04-07
825,HRL,2024040705001662,16,4,10.00,593.00,"5,930.00",2024-04-07
826,HRL,2024040705001663,16,4,10.00,593.00,"5,930.00",2024-04-07
827,HRL,2024040705001664,16,4,10.00,593.00,"5,930.00",2024-04-07
828,HRL,2024040705001665,16,45,10.00,593.00,"5,930.00",2024-04-07
829,HRL,2024040705001666,16,57,10.00,593.00,"5,930.00",2024-04-07
830,HRL,2024040705001667,16,49,10.00,593.00,"5,930.00",2024-04-07
831,HRL,2024040705001668,16,35,20.00,593.00,"11,860.00",2024-04-07
832,HRL,2024040705001669,16,51,30.00,593.00,"17,790.00",2024-04-07
833,HRL,2024040705001670,16,6,40.00,593.00,"23,720.00",2024-04-07
834,HRL,2024040705001671,16,47,20.00,593.00,"11,860.00",2024-04-07
835,HRL,2024040705001672,16,55,10.00,593.00,"5,930.00",2024-04-07
836,HRL,2024040705001690,17,57,40.00,592.00,"23,680.00",2024-04-07
837,HRL,2024040705001691,49,6,10.00,591.00,"5,910.00",2024-04-07
838,HRL,2024040705001693,49,58,20.00,591.00,"11,820.00",2024-04-07
839,HRL,2024040705001696,66,57,23.00,592.00,"13,616.00",2024-04-07
840,HRL,2024040705001697,49,34,30.00,591.00,"17,730.00",2024-04-07
841,HRL,2024040705001698,49,21,50.00,591.00,"29,550.00",2024-04-07
842,HRL,2024040705001699,49,44,20.00,591.00,"11,820.00",2024-04-07
843,HRL,2024040705001700,49,29,10.00,591.00,"5,910.00",2024-04-07
844,HRL,2024040705001702,49,52,10.00,591.00,"5,910.00",2024-04-07
845,HRL,2024040705001703,49,57,10.00,591.00,"5,910.00",2024-04-07
846,HRL,2024040705001708,16,57,10.00,592.00,"5,920.00",2024-04-07
847,HRL,2024040705001709,11,57,27.00,592.00,"15,984.00",2024-04-07
848,HRL,2024040705001710,11,35,10.00,592.00,"5,920.00",2024-04-07
849,HRL,2024040705001711,11,58,10.00,592.00,"5,920.00",2024-04-07
850,HRL,2024040705001712,11,58,20.00,592.00,"11,840.00",2024-04-07
851,HRL,2024040705001714,11,28,10.00,592.00,"5,920.00",2024-04-07
852,HRL,2024040705001715,11,6,20.00,592.00,"11,840.00",2024-04-07
853,HRL,2024040705001717,49,58,10.00,591.00,"5,910.00",2024-04-07
854,HRL,2024040705001726,8,35,10.00,593.00,"5,930.00",2024-04-07
855,HRL,2024040705001727,8,49,20.00,593.00,"11,860.00",2024-04-07
856,HRL,2024040705001728,49,53,30.00,591.00,"17,730.00",2024-04-07
857,HRL,2024040705001729,29,34,10.00,591.00,"5,910.00",2024-04-07
858,HRL,2024040705001730,29,28,20.00,591.00,"11,820.00",2024-04-07
859,HRL,2024040705001734,40,8,10.00,591.10,"5,911.00",2024-04-07
860,HRL,2024040705001735,29,35,10.00,591.00,"5,910.00",2024-04-07
861,HRL,2024040705001737,49,8,10.00,591.10,"5,911.00",2024-04-07
862,HRL,2024040705001738,49,62,10.00,591.10,"5,911.00",2024-04-07
863,HRL,2024040705001739,34,33,30.00,591.80,"17,754.00",2024-04-07
864,HRL,2024040705001740,34,48,20.00,592.00,"11,840.00",2024-04-07
865,HRL,2024040705001741,34,38,10.00,592.00,"5,920.00",2024-04-07
866,HRL,2024040705001742,34,58,10.00,592.00,"5,920.00",2024-04-07
867,HRL,2024040705001745,34,8,10.00,592.00,"5,920.00",2024-04-07
868,HRL,2024040705001751,34,58,10.00,592.00,"5,920.00",2024-04-07
869,HRL,2024040705001752,34,62,10.00,592.00,"5,920.00",2024-04-07
870,HRL,2024040705001753,59,59,20.00,592.00,"11,840.00",2024-04-07
871,HRL,2024040705001754,59,34,30.00,592.00,"17,760.00",2024-04-07
872,HRL,2024040705001756,59,1,10.00,592.00,"5,920.00",2024-04-07
873,HRL,2024040705001757,55,48,50.00,593.00,"29,650.00",2024-04-07
874,HRL,2024040705001758,59,49,10.00,592.00,"5,920.00",2024-04-07
875,HRL,2024040705001762,59,52,20.00,592.00,"11,840.00",2024-04-07
876,HRL,2024040705001763,59,26,10.00,592.00,"5,920.00",2024-04-07
877,HRL,2024040705001764,50,8,10.00,591.80,"5,918.00",2024-04-07
878,HRL,2024040705001767,50,58,10.00,591.80,"5,918.00",2024-04-07
879,HRL,2024040705001770,1,58,10.00,591.80,"5,918.00",2024-04-07
880,HRL,2024040705001771,1,17,10.00,591.50,"5,915.00",2024-04-07
881,HRL,2024040705001772,21,53,20.00,592.00,"11,840.00",2024-04-07
882,HRL,2024040705001773,47,58,30.00,591.80,"17,754.00",2024-04-07
883,HRL,2024040705001774,47,33,20.00,591.90,"11,838.00",2024-04-07
884,HRL,2024040705001778,47,58,20.00,592.00,"11,840.00",2024-04-07
885,HRL,2024040705001779,47,29,80.00,592.00,"47,360.00",2024-04-07
886,HRL,2024040705001780,7,19,500.00,592.90,"296,450.00",2024-04-07
887,HRL,2024040705001782,47,21,20.00,592.00,"11,840.00",2024-04-07
888,HRL,2024040705001787,47,49,30.00,592.00,"17,760.00",2024-04-07
889,HRL,2024040705001788,7,21,20.00,592.00,"11,840.00",2024-04-07
890,HRL,2024040705001789,7,1,10.00,592.00,"5,920.00",2024-04-07
891,HRL,2024040705001790,7,40,200.00,592.00,"118,400.00",2024-04-07
892,HRL,2024040705001794,7,7,10.00,592.00,"5,920.00",2024-04-07
893,HRL,2024040705001795,7,41,10.00,592.00,"5,920.00",2024-04-07
894,HRL,2024040705001796,7,35,10.00,592.00,"5,920.00",2024-04-07
895,HRL,2024040705001797,7,33,240.00,592.00,"142,080.00",2024-04-07
896,HRL,2024040705001798,41,33,50.00,592.00,"29,600.00",2024-04-07
897,HRL,2024040705001799,46,33,50.00,592.00,"29,600.00",2024-04-07
898,HRL,2024040705001803,1,21,20.00,591.50,"11,830.00",2024-04-07
899,HRL,2024040705001804,1,40,20.00,591.50,"11,830.00",2024-04-07
900,HRL,2024040705001805,43,6,30.00,591.40,"17,742.00",2024-04-07
901,HRL,2024040705001809,43,53,20.00,591.40,"11,828.00",2024-04-07
902,HRL,2024040705001813,43,6,30.00,591.40,"17,742.00",2024-04-07
903,HRL,2024040705001814,43,40,13.00,591.40,"7,688.20",2024-04-07
904,HRL,2024040705001817,59,16,40.00,591.40,"23,656.00",2024-04-07
905,HRL,2024040705001818,49,16,25.00,591.30,"14,782.50",2024-04-07
906,HRL,2024040705001819,54,16,185.00,591.20,"109,372.00",2024-04-07
907,HRL,2024040705001823,54,16,15.00,591.20,"8,868.00",2024-04-07
908,HRL,2024040705001824,62,16,155.00,591.20,"91,636.00",2024-04-07
909,HRL,2024040705001825,62,8,10.00,591.20,"5,912.00",2024-04-07
910,HRL,2024040705001826,44,58,20.00,591.50,"11,830.00",2024-04-07
911,HRL,2024040705001827,52,1,10.00,591.50,"5,915.00",2024-04-07
912,HRL,2024040705001828,52,6,10.00,591.50,"5,915.00",2024-04-07
913,HRL,2024040705001829,62,6,20.00,591.20,"11,824.00",2024-04-07
914,HRL,2024040705001832,6,6,30.00,591.30,"17,739.00",2024-04-07
915,HRL,2024040705001835,62,6,30.00,591.40,"17,742.00",2024-04-07
916,HRL,2024040705001837,62,38,300.00,591.40,"177,420.00",2024-04-07
917,HRL,2024040705001838,62,40,10.00,591.40,"5,914.00",2024-04-07
918,HRL,2024040705001839,62,62,20.00,591.40,"11,828.00",2024-04-07
919,HRL,2024040705001840,62,49,10.00,591.40,"5,914.00",2024-04-07
920,HRL,2024040705001841,54,33,20.00,592.00,"11,840.00",2024-04-07
921,HRL,2024040705001842,54,45,20.00,592.00,"11,840.00",2024-04-07
922,HRL,2024040705001843,54,7,20.00,592.00,"11,840.00",2024-04-07
923,HRL,2024040705001844,54,38,20.00,592.00,"11,840.00",2024-04-07
924,HRL,2024040705001845,54,3,20.00,592.00,"11,840.00",2024-04-07
925,HRL,2024040705001846,54,49,40.00,592.00,"23,680.00",2024-04-07
926,HRL,2024040705001847,54,69,60.00,592.00,"35,520.00",2024-04-07
927,HRL,2024040705001854,93,57,10.00,591.50,"5,915.00",2024-04-07
928,HRL,2024040705001878,93,48,10.00,591.50,"5,915.00",2024-04-07
929,HRL,2024040705001884,93,49,10.00,591.50,"5,915.00",2024-04-07
930,HRL,2024040705001885,51,55,10.00,592.00,"5,920.00",2024-04-07
931,HRL,2024040705001886,51,6,20.00,592.00,"11,840.00",2024-04-07
932,HRL,2024040705001887,51,38,10.00,592.00,"5,920.00",2024-04-07
933,HRL,2024040705001888,51,51,10.00,592.00,"5,920.00",2024-04-07
934,HRL,2024040705001889,93,55,10.00,591.50,"5,915.00",2024-04-07
935,HRL,2024040705001890,59,49,20.00,591.50,"11,830.00",2024-04-07
936,HRL,2024040705001894,59,58,10.00,591.50,"5,915.00",2024-04-07
937,HRL,2024040705001895,59,1,10.00,591.50,"5,915.00",2024-04-07
938,HRL,2024040705001901,59,49,10.00,591.50,"5,915.00",2024-04-07
939,HRL,2024040705001902,59,34,10.00,591.50,"5,915.00",2024-04-07
940,HRL,2024040705001903,44,58,10.00,591.50,"5,915.00",2024-04-07
941,HRL,2024040705001904,44,7,10.00,591.50,"5,915.00",2024-04-07
942,HRL,2024040705001905,44,16,10.00,591.50,"5,915.00",2024-04-07
943,HRL,2024040705001908,44,17,10.00,591.50,"5,915.00",2024-04-07
944,HRL,2024040705001909,44,49,10.00,591.50,"5,915.00",2024-04-07
945,HRL,2024040705001914,49,58,20.00,592.00,"11,840.00",2024-04-07
946,HRL,2024040705001915,49,49,20.00,592.00,"11,840.00",2024-04-07
947,HRL,2024040705001916,49,32,10.00,592.00,"5,920.00",2024-04-07
948,HRL,2024040705001917,49,29,10.00,592.00,"5,920.00",2024-04-07
949,HRL,2024040705001923,49,58,10.00,592.00,"5,920.00",2024-04-07
950,HRL,2024040705001925,66,16,10.00,591.50,"5,915.00",2024-04-07
951,HRL,2024040705001926,66,41,30.00,591.50,"17,745.00",2024-04-07
952,HRL,2024040705001927,66,48,10.00,591.50,"5,915.00",2024-04-07
953,HRL,2024040705001929,66,58,10.00,591.50,"5,915.00",2024-04-07
954,HRL,2024040705001930,66,45,10.00,591.50,"5,915.00",2024-04-07
955,HRL,2024040705001931,66,36,45.00,591.50,"26,617.50",2024-04-07
956,HRL,2024040705001932,62,36,100.00,591.40,"59,140.00",2024-04-07
957,HRL,2024040705001933,6,36,155.00,591.30,"91,651.50",2024-04-07
958,HRL,2024040705001938,6,28,10.00,591.30,"5,913.00",2024-04-07
959,HRL,2024040705001939,6,36,510.00,591.30,"301,563.00",2024-04-07
960,HRL,2024040705001940,6,36,10.00,591.30,"5,913.00",2024-04-07
961,HRL,2024040705001947,6,16,10.00,591.30,"5,913.00",2024-04-07
962,HRL,2024040705001948,6,56,40.00,591.30,"23,652.00",2024-04-07
963,HRL,2024040705001950,6,36,10.00,591.30,"5,913.00",2024-04-07
964,HRL,2024040705001951,6,58,20.00,591.30,"11,826.00",2024-04-07
965,HRL,2024040705001957,6,36,10.00,591.30,"5,913.00",2024-04-07
966,HRL,2024040705001959,49,49,20.00,591.40,"11,828.00",2024-04-07
967,HRL,2024040705001962,49,29,20.00,591.40,"11,828.00",2024-04-07
968,HRL,2024040705001963,49,36,10.00,591.40,"5,914.00",2024-04-07
969,HRL,2024040705001964,49,16,10.00,591.40,"5,914.00",2024-04-07
970,HRL,2024040705001966,49,28,10.00,591.40,"5,914.00",2024-04-07
971,HRL,2024040705001967,49,36,10.00,591.40,"5,914.00",2024-04-07
972,HRL,2024040705001971,49,11,10.00,591.40,"5,914.00",2024-04-07
973,HRL,2024040705001972,49,6,80.00,591.40,"47,312.00",2024-04-07
974,HRL,2024040705001973,49,38,10.00,591.40,"5,914.00",2024-04-07
975,HRL,2024040705001974,49,42,10.00,591.40,"5,914.00",2024-04-07
976,HRL,2024040705001976,49,36,10.00,591.40,"5,914.00",2024-04-07
977,HRL,2024040705001978,49,49,20.00,591.40,"11,828.00",2024-04-07
978,HRL,2024040705001979,33,32,10.00,592.00,"5,920.00",2024-04-07
979,HRL,2024040705001980,33,58,10.00,592.00,"5,920.00",2024-04-07
980,HRL,2024040705001989,1,16,10.00,591.50,"5,915.00",2024-04-07
981,HRL,2024040705001990,1,47,10.00,591.50,"5,915.00",2024-04-07
982,HRL,2024040705001996,1,58,10.00,591.50,"5,915.00",2024-04-07
983,HRL,2024040705001997,62,58,10.00,591.50,"5,915.00",2024-04-07
984,HRL,2024040705001998,62,47,10.00,591.50,"5,915.00",2024-04-07
985,HRL,2024040705001999,62,58,20.00,592.00,"11,840.00",2024-04-07
986,HRL,2024040705002000,49,28,10.00,591.40,"5,914.00",2024-04-07
987,HRL,2024040705002001,49,16,10.00,591.40,"5,914.00",2024-04-07
988,HRL,2024040705002006,49,47,10.00,591.40,"5,914.00",2024-04-07
989,HRL,2024040705002008,49,1,10.00,591.40,"5,914.00",2024-04-07
990,HRL,2024040705002009,49,59,20.00,591.40,"11,828.00",2024-04-07
991,HRL,2024040705002010,49,16,10.00,591.40,"5,914.00",2024-04-07
992,HRL,2024040705002011,49,59,10.00,591.40,"5,914.00",2024-04-07
993,HRL,2024040705002016,33,57,30.00,591.50,"17,745.00",2024-04-07
994,HRL,2024040705002025,57,4,30.00,591.40,"17,742.00",2024-04-07
995,HRL,2024040705002026,57,21,4.00,591.40,"2,365.60",2024-04-07
996,HRL,2024040705002027,49,21,30.00,591.40,"17,742.00",2024-04-07
997,HRL,2024040705002030,49,55,10.00,591.40,"5,914.00",2024-04-07
998,HRL,2024040705002031,49,38,10.00,591.40,"5,914.00",2024-04-07
999,HRL,2024040705002039,49,58,20.00,591.40,"11,828.00",2024-04-07
1000,HRL,2024040705002041,49,35,10.00,591.40,"5,914.00",2024-04-07
1001,HRL,2024040705002045,49,58,30.00,591.40,"17,742.00",2024-04-07
1002,HRL,2024040705002052,49,58,10.00,591.40,"5,914.00",2024-04-07
1003,HRL,2024040705002053,49,41,10.00,591.50,"5,915.00",2024-04-07
1004,HRL,2024040705002056,49,59,10.00,591.50,"5,915.00",2024-04-07
1005,HRL,2024040705002061,49,52,10.00,591.50,"5,915.00",2024-04-07
1006,HRL,2024040705002062,49,25,10.00,591.50,"5,915.00",2024-04-07
1007,HRL,2024040705002063,22,51,20.00,591.90,"11,838.00",2024-04-07
1008,HRL,2024040705002065,33,58,10.00,592.00,"5,920.00",2024-04-07
1009,HRL,2024040705002066,33,38,20.00,592.00,"11,840.00",2024-04-07
1010,HRL,2024040705002067,33,58,10.00,592.00,"5,920.00",2024-04-07
1011,HRL,2024040705002068,33,72,30.00,592.00,"17,760.00",2024-04-07
1012,HRL,2024040705002069,49,29,10.00,591.50,"5,915.00",2024-04-07
1013,HRL,2024040705002070,49,29,30.00,591.40,"17,742.00",2024-04-07
1014,HRL,2024040705002071,49,47,20.00,591.40,"11,828.00",2024-04-07
1015,HRL,2024040705002078,49,58,10.00,591.40,"5,914.00",2024-04-07
1016,HRL,2024040705002079,39,72,10.00,592.00,"5,920.00",2024-04-07
1017,HRL,2024040705002080,39,47,10.00,592.00,"5,920.00",2024-04-07
1018,HRL,2024040705002081,39,58,40.00,592.00,"23,680.00",2024-04-07
1019,HRL,2024040705002082,49,45,20.00,591.40,"11,828.00",2024-04-07
1020,HRL,2024040705002084,49,58,10.00,591.40,"5,914.00",2024-04-07
1021,HRL,2024040705002087,44,55,10.00,591.50,"5,915.00",2024-04-07
1022,HRL,2024040705002088,44,49,10.00,592.00,"5,920.00",2024-04-07
1023,HRL,2024040705002089,44,58,10.00,592.00,"5,920.00",2024-04-07
1024,HRL,2024040705002090,44,28,20.00,592.00,"11,840.00",2024-04-07
1025,HRL,2024040705002091,49,52,30.00,591.40,"17,742.00",2024-04-07
1026,HRL,2024040705002093,49,38,10.00,591.40,"5,914.00",2024-04-07
1027,HRL,2024040705002094,49,32,10.00,591.40,"5,914.00",2024-04-07
1028,HRL,2024040705002096,49,49,10.00,591.50,"5,915.00",2024-04-07
1029,HRL,2024040705002099,34,28,20.00,592.00,"11,840.00",2024-04-07
1030,HRL,2024040705002100,34,32,20.00,592.00,"11,840.00",2024-04-07
1031,HRL,2024040705002101,34,36,10.00,592.00,"5,920.00",2024-04-07
1032,HRL,2024040705002102,34,58,10.00,592.00,"5,920.00",2024-04-07
1033,HRL,2024040705002103,34,41,30.00,592.00,"17,760.00",2024-04-07
1034,HRL,2024040705002104,34,1,10.00,592.00,"5,920.00",2024-04-07
1035,HRL,2024040705002105,34,58,10.00,592.00,"5,920.00",2024-04-07
1036,HRL,2024040705002106,34,32,10.00,592.00,"5,920.00",2024-04-07
1037,HRL,2024040705002107,34,44,30.00,592.00,"17,760.00",2024-04-07
1038,HRL,2024040705002108,34,28,10.00,592.00,"5,920.00",2024-04-07
1039,HRL,2024040705002109,34,52,20.00,592.00,"11,840.00",2024-04-07
1040,HRL,2024040705002110,34,32,10.00,592.00,"5,920.00",2024-04-07
1041,HRL,2024040705002111,34,56,10.00,592.00,"5,920.00",2024-04-07
1042,HRL,2024040705002114,49,17,10.00,591.40,"5,914.00",2024-04-07
1043,HRL,2024040705002115,39,8,10.00,591.50,"5,915.00",2024-04-07
1044,HRL,2024040705002119,39,13,30.00,591.50,"17,745.00",2024-04-07
1045,HRL,2024040705002126,39,58,10.00,591.50,"5,915.00",2024-04-07
1046,HRL,2024040705002129,34,36,10.00,591.50,"5,915.00",2024-04-07
1047,HRL,2024040705002131,34,35,10.00,591.50,"5,915.00",2024-04-07
1048,HRL,2024040705002137,37,35,10.00,592.00,"5,920.00",2024-04-07
1049,HRL,2024040705002138,37,78,10.00,592.00,"5,920.00",2024-04-07
1050,HRL,2024040705002139,37,55,10.00,592.00,"5,920.00",2024-04-07
1051,HRL,2024040705002140,37,19,10.00,592.00,"5,920.00",2024-04-07
1052,HRL,2024040705002141,37,17,20.00,592.00,"11,840.00",2024-04-07
1053,HRL,2024040705002142,37,58,30.00,592.00,"17,760.00",2024-04-07
1054,HRL,2024040705002143,37,42,10.00,592.00,"5,920.00",2024-04-07
1055,HRL,2024040705002144,37,53,10.00,592.00,"5,920.00",2024-04-07
1056,HRL,2024040705002147,37,19,10.00,592.00,"5,920.00",2024-04-07
1057,HRL,2024040705002148,37,58,10.00,592.00,"5,920.00",2024-04-07
1058,HRL,2024040705002154,34,42,10.00,591.50,"5,915.00",2024-04-07
1059,HRL,2024040705002155,34,25,50.00,591.50,"29,575.00",2024-04-07
1060,HRL,2024040705002158,34,21,20.00,591.50,"11,830.00",2024-04-07
1061,HRL,2024040705002160,41,58,10.00,591.50,"5,915.00",2024-04-07
1062,HRL,2024040705002162,41,35,10.00,591.50,"5,915.00",2024-04-07
1063,HRL,2024040705002165,41,58,20.00,591.50,"11,830.00",2024-04-07
1064,HRL,2024040705002169,58,34,10.00,592.00,"5,920.00",2024-04-07
1065,HRL,2024040705002170,58,16,20.00,592.00,"11,840.00",2024-04-07
1066,HRL,2024040705002171,58,59,20.00,592.00,"11,840.00",2024-04-07
1067,HRL,2024040705002172,58,29,10.00,592.00,"5,920.00",2024-04-07
1068,HRL,2024040705002173,58,57,10.00,592.00,"5,920.00",2024-04-07
1069,HRL,2024040705002174,58,34,10.00,592.00,"5,920.00",2024-04-07
1070,HRL,2024040705002177,41,58,10.00,591.50,"5,915.00",2024-04-07
1071,HRL,2024040705002178,42,19,10.00,592.00,"5,920.00",2024-04-07
1072,HRL,2024040705002179,42,41,20.00,592.00,"11,840.00",2024-04-07
1073,HRL,2024040705002183,37,38,40.00,592.40,"23,696.00",2024-04-07
1074,HRL,2024040705002184,37,50,20.00,592.40,"11,848.00",2024-04-07
1075,HRL,2024040705002185,49,50,10.00,592.40,"5,924.00",2024-04-07
1076,HRL,2024040705002186,49,69,440.00,592.50,"260,700.00",2024-04-07
1077,HRL,2024040705002187,49,38,10.00,592.50,"5,925.00",2024-04-07
1078,HRL,2024040705002188,49,58,20.00,592.50,"11,850.00",2024-04-07
1079,HRL,2024040705002189,49,49,20.00,592.50,"11,850.00",2024-04-07
1080,HRL,2024040705002190,7,29,10.00,592.10,"5,921.00",2024-04-07
1081,HRL,2024040705002191,7,14,10.00,592.10,"5,921.00",2024-04-07
1082,HRL,2024040705002196,7,42,10.00,592.10,"5,921.00",2024-04-07
1083,HRL,2024040705002197,95,43,10.00,592.70,"5,927.00",2024-04-07
1084,HRL,2024040705002198,7,58,10.00,592.10,"5,921.00",2024-04-07
1085,HRL,2024040705002199,42,43,10.00,592.70,"5,927.00",2024-04-07
1086,HRL,2024040705002200,42,58,20.00,592.80,"11,856.00",2024-04-07
1087,HRL,2024040705002201,42,48,25.00,593.00,"14,825.00",2024-04-07
1088,HRL,2024040705002202,42,33,10.00,593.00,"5,930.00",2024-04-07
1089,HRL,2024040705002203,42,49,10.00,593.00,"5,930.00",2024-04-07
1090,HRL,2024040705002204,42,81,10.00,593.00,"5,930.00",2024-04-07
1091,HRL,2024040705002205,42,58,10.00,593.00,"5,930.00",2024-04-07
1092,HRL,2024040705002206,42,42,170.00,593.00,"100,810.00",2024-04-07
1093,HRL,2024040705002207,42,6,30.00,593.00,"17,790.00",2024-04-07
1094,HRL,2024040705002208,42,32,10.00,593.00,"5,930.00",2024-04-07
1095,HRL,2024040705002209,42,32,10.00,593.00,"5,930.00",2024-04-07
1096,HRL,2024040705002210,42,4,10.00,593.00,"5,930.00",2024-04-07
1097,HRL,2024040705002211,42,57,10.00,593.00,"5,930.00",2024-04-07
1098,HRL,2024040705002212,42,57,100.00,593.00,"59,300.00",2024-04-07
1099,HRL,2024040705002213,42,56,30.00,593.00,"17,790.00",2024-04-07
1100,HRL,2024040705002214,42,38,10.00,593.00,"5,930.00",2024-04-07
1101,HRL,2024040705002215,42,46,10.00,593.00,"5,930.00",2024-04-07
1102,HRL,2024040705002216,42,57,10.00,593.00,"5,930.00",2024-04-07
1103,HRL,2024040705002218,7,59,10.00,592.10,"5,921.00",2024-04-07
1104,HRL,2024040705002224,39,38,10.00,593.00,"5,930.00",2024-04-07
1105,HRL,2024040705002225,39,49,10.00,593.00,"5,930.00",2024-04-07
1106,HRL,2024040705002226,39,57,20.00,593.00,"11,860.00",2024-04-07
1107,HRL,2024040705002227,39,45,10.00,593.00,"5,930.00",2024-04-07
1108,HRL,2024040705002228,49,89,500.00,592.20,"296,100.00",2024-04-07
1109,HRL,2024040705002229,7,89,20.00,592.10,"11,842.00",2024-04-07
1110,HRL,2024040705002230,55,89,"1,475.00",592.10,"873,347.50",2024-04-07
1111,HRL,2024040705002234,55,19,10.00,592.10,"5,921.00",2024-04-07
1112,HRL,2024040705002235,25,21,20.00,592.20,"11,844.00",2024-04-07
1113,HRL,2024040705002236,8,14,30.00,592.50,"17,775.00",2024-04-07
1114,HRL,2024040705002237,8,57,20.00,593.00,"11,860.00",2024-04-07
1115,HRL,2024040705002238,8,19,10.00,593.00,"5,930.00",2024-04-07
1116,HRL,2024040705002239,8,58,10.00,593.00,"5,930.00",2024-04-07
1117,HRL,2024040705002240,8,38,10.00,593.00,"5,930.00",2024-04-07
1118,HRL,2024040705002241,8,49,10.00,593.00,"5,930.00",2024-04-07
1119,HRL,2024040705002242,8,4,84.00,593.00,"49,812.00",2024-04-07
1120,HRL,2024040705002250,44,58,10.00,592.20,"5,922.00",2024-04-07
1121,HRL,2024040705002251,44,57,10.00,592.20,"5,922.00",2024-04-07
1122,HRL,2024040705002254,66,26,10.00,592.30,"5,923.00",2024-04-07
1123,HRL,2024040705002255,26,4,86.00,593.00,"50,998.00",2024-04-07
1124,HRL,2024040705002256,26,35,10.00,593.00,"5,930.00",2024-04-07
1125,HRL,2024040705002257,26,28,10.00,593.00,"5,930.00",2024-04-07
1126,HRL,2024040705002258,36,22,10.00,592.40,"5,924.00",2024-04-07
1127,HRL,2024040705002259,36,57,20.00,592.40,"11,848.00",2024-04-07
1128,HRL,2024040705002263,33,13,490.00,592.50,"290,325.00",2024-04-07
1129,HRL,2024040705002264,36,13,10.00,592.40,"5,924.00",2024-04-07
1130,HRL,2024040705002267,36,42,10.00,592.40,"5,924.00",2024-04-07
1131,HRL,2024040705002268,88,62,30.00,593.00,"17,790.00",2024-04-07
1132,HRL,2024040705002269,88,19,10.00,593.00,"5,930.00",2024-04-07
1133,HRL,2024040705002271,39,1,10.00,593.50,"5,935.00",2024-04-07
1134,HRL,2024040705002272,88,57,20.00,593.00,"11,860.00",2024-04-07
1135,HRL,2024040705002276,88,58,10.00,593.00,"5,930.00",2024-04-07
1136,HRL,2024040705002283,88,52,10.00,593.00,"5,930.00",2024-04-07
1137,HRL,2024040705002284,88,69,120.00,593.00,"71,160.00",2024-04-07
1138,HRL,2024040705002285,6,69,280.00,592.60,"165,928.00",2024-04-07
1139,HRL,2024040705002286,53,41,10.00,593.00,"5,930.00",2024-04-07
1140,HRL,2024040705002288,6,58,10.00,592.60,"5,926.00",2024-04-07
1141,HRL,2024040705002289,6,50,10.00,592.60,"5,926.00",2024-04-07
1142,HRL,2024040705002291,6,58,10.00,592.60,"5,926.00",2024-04-07
1143,HRL,2024040705002298,6,21,20.00,592.60,"11,852.00",2024-04-07
1144,HRL,2024040705002301,6,58,10.00,592.60,"5,926.00",2024-04-07
1145,HRL,2024040705002304,6,45,20.00,592.60,"11,852.00",2024-04-07
1146,HRL,2024040705002305,6,61,10.00,592.60,"5,926.00",2024-04-07
1147,HRL,2024040705002307,6,52,20.00,592.60,"11,852.00",2024-04-07
1148,HRL,2024040705002309,6,52,10.00,592.60,"5,926.00",2024-04-07
1149,HRL,2024040705002312,6,58,20.00,592.60,"11,852.00",2024-04-07
1150,HRL,2024040705002313,13,42,10.00,593.00,"5,930.00",2024-04-07
1151,HRL,2024040705002314,13,55,10.00,593.00,"5,930.00",2024-04-07
1152,HRL,2024040705002315,13,29,10.00,593.00,"5,930.00",2024-04-07
1153,HRL,2024040705002316,13,49,10.00,593.00,"5,930.00",2024-04-07
1154,HRL,2024040705002317,13,17,20.00,593.00,"11,860.00",2024-04-07
1155,HRL,2024040705002318,13,36,20.00,593.00,"11,860.00",2024-04-07
1156,HRL,2024040705002319,13,48,20.00,593.00,"11,860.00",2024-04-07
1157,HRL,2024040705002320,13,16,10.00,593.00,"5,930.00",2024-04-07
1158,HRL,2024040705002323,6,58,20.00,592.60,"11,852.00",2024-04-07
1159,HRL,2024040705002324,6,6,20.00,592.60,"11,852.00",2024-04-07
1160,HRL,2024040705002327,62,4,10.00,593.00,"5,930.00",2024-04-07
1161,HRL,2024040705002328,62,58,10.00,593.50,"5,935.00",2024-04-07
1162,HRL,2024040705002329,62,41,10.00,593.50,"5,935.00",2024-04-07
1163,HRL,2024040705002330,62,17,20.00,593.50,"11,870.00",2024-04-07
1164,HRL,2024040705002331,62,58,20.00,593.60,"11,872.00",2024-04-07
1165,HRL,2024040705002332,62,36,10.00,593.70,"5,937.00",2024-04-07
1166,HRL,2024040705002333,62,43,20.00,593.70,"11,874.00",2024-04-07
1167,HRL,2024040705002335,62,42,110.00,593.70,"65,307.00",2024-04-07
1168,HRL,2024040705002336,62,43,10.00,593.70,"5,937.00",2024-04-07
1169,HRL,2024040705002337,62,17,10.00,593.70,"5,937.00",2024-04-07
1170,HRL,2024040705002338,62,58,10.00,593.70,"5,937.00",2024-04-07
1171,HRL,2024040705002339,81,49,20.00,594.00,"11,880.00",2024-04-07
1172,HRL,2024040705002340,81,52,10.00,594.00,"5,940.00",2024-04-07
1173,HRL,2024040705002341,81,57,10.00,594.00,"5,940.00",2024-04-07
1174,HRL,2024040705002342,81,58,20.00,594.00,"11,880.00",2024-04-07
1175,HRL,2024040705002343,81,49,10.00,594.00,"5,940.00",2024-04-07
1176,HRL,2024040705002344,81,14,10.00,594.00,"5,940.00",2024-04-07
1177,HRL,2024040705002345,81,58,10.00,594.00,"5,940.00",2024-04-07
1178,HRL,2024040705002346,81,53,10.00,594.00,"5,940.00",2024-04-07
1179,HRL,2024040705002347,62,21,10.00,593.70,"5,937.00",2024-04-07
1180,HRL,2024040705002348,62,64,10.00,593.70,"5,937.00",2024-04-07
1181,HRL,2024040705002351,62,32,10.00,593.70,"5,937.00",2024-04-07
1182,HRL,2024040705002353,62,29,20.00,593.70,"11,874.00",2024-04-07
1183,HRL,2024040705002354,29,35,60.00,594.00,"35,640.00",2024-04-07
1184,HRL,2024040705002357,62,43,10.00,593.70,"5,937.00",2024-04-07
1185,HRL,2024040705002359,62,57,10.00,593.70,"5,937.00",2024-04-07
1186,HRL,2024040705002362,62,58,10.00,593.70,"5,937.00",2024-04-07
1187,HRL,2024040705002364,62,26,10.00,593.70,"5,937.00",2024-04-07
1188,HRL,2024040705002366,62,5,10.00,593.70,"5,937.00",2024-04-07
1189,HRL,2024040705002367,62,13,10.00,593.70,"5,937.00",2024-04-07
1190,HRL,2024040705002369,42,61,20.00,593.90,"11,878.00",2024-04-07
1191,HRL,2024040705002370,42,35,260.00,594.00,"154,440.00",2024-04-07
1192,HRL,2024040705002371,42,45,20.00,594.00,"11,880.00",2024-04-07
1193,HRL,2024040705002372,42,11,10.00,594.00,"5,940.00",2024-04-07
1194,HRL,2024040705002373,42,28,10.00,594.00,"5,940.00",2024-04-07
1195,HRL,2024040705002374,42,39,20.00,594.00,"11,880.00",2024-04-07
1196,HRL,2024040705002375,42,58,20.00,594.00,"11,880.00",2024-04-07
1197,HRL,2024040705002376,42,48,10.00,594.50,"5,945.00",2024-04-07
1198,HRL,2024040705002377,42,16,10.00,594.50,"5,945.00",2024-04-07
1199,HRL,2024040705002378,42,36,10.00,594.50,"5,945.00",2024-04-07
1200,HRL,2024040705002379,42,28,20.00,594.80,"11,896.00",2024-04-07
1201,HRL,2024040705002380,42,20,410.00,594.80,"243,868.00",2024-04-07
1202,HRL,2024040705002381,42,59,10.00,594.90,"5,949.00",2024-04-07
1203,HRL,2024040705002382,42,34,10.00,594.90,"5,949.00",2024-04-07
1204,HRL,2024040705002383,42,42,20.00,594.90,"11,898.00",2024-04-07
1205,HRL,2024040705002384,42,48,75.00,595.00,"44,625.00",2024-04-07
1206,HRL,2024040705002385,42,16,10.00,595.00,"5,950.00",2024-04-07
1207,HRL,2024040705002386,42,42,55.00,595.00,"32,725.00",2024-04-07
1208,HRL,2024040705002393,62,13,10.00,593.70,"5,937.00",2024-04-07
1209,HRL,2024040705002395,62,58,10.00,593.70,"5,937.00",2024-04-07
1210,HRL,2024040705002396,62,28,10.00,593.70,"5,937.00",2024-04-07
1211,HRL,2024040705002397,62,33,10.00,593.70,"5,937.00",2024-04-07
1212,HRL,2024040705002398,43,42,10.00,594.00,"5,940.00",2024-04-07
1213,HRL,2024040705002399,43,21,20.00,594.00,"11,880.00",2024-04-07
1214,HRL,2024040705002400,43,58,70.00,594.00,"41,580.00",2024-04-07
1215,HRL,2024040705002413,62,13,10.00,593.70,"5,937.00",2024-04-07
1216,HRL,2024040705002417,62,45,10.00,593.70,"5,937.00",2024-04-07
1217,HRL,2024040705002421,62,53,10.00,593.70,"5,937.00",2024-04-07
1218,HRL,2024040705002422,62,35,10.00,593.70,"5,937.00",2024-04-07
1219,HRL,2024040705002424,62,42,10.00,593.70,"5,937.00",2024-04-07
1220,HRL,2024040705002426,11,58,300.00,594.00,"178,200.00",2024-04-07
1221,HRL,2024040705002427,62,13,10.00,593.70,"5,937.00",2024-04-07
1222,HRL,2024040705002432,62,58,10.00,593.70,"5,937.00",2024-04-07
1223,HRL,2024040705002433,62,21,40.00,593.70,"23,748.00",2024-04-07
1224,HRL,2024040705002434,49,21,60.00,593.70,"35,622.00",2024-04-07
1225,HRL,2024040705002435,49,42,10.00,593.70,"5,937.00",2024-04-07
1226,HRL,2024040705002436,49,47,10.00,593.70,"5,937.00",2024-04-07
1227,HRL,2024040705002438,49,8,10.00,593.70,"5,937.00",2024-04-07
1228,HRL,2024040705002439,49,52,20.00,593.70,"11,874.00",2024-04-07
1229,HRL,2024040705002441,49,58,10.00,593.70,"5,937.00",2024-04-07
1230,HRL,2024040705002449,49,21,20.00,593.70,"11,874.00",2024-04-07
1231,HRL,2024040705002450,49,51,40.00,593.70,"23,748.00",2024-04-07
1232,HRL,2024040705002451,49,58,10.00,593.70,"5,937.00",2024-04-07
1233,HRL,2024040705002457,49,52,10.00,593.70,"5,937.00",2024-04-07
1234,HRL,2024040705002458,49,21,20.00,593.70,"11,874.00",2024-04-07
1235,HRL,2024040705002460,49,41,10.00,593.70,"5,937.00",2024-04-07
1236,HRL,2024040705002461,49,35,10.00,593.70,"5,937.00",2024-04-07
1237,HRL,2024040705002480,49,36,20.00,593.70,"11,874.00",2024-04-07
1238,HRL,2024040705002481,49,47,10.00,593.70,"5,937.00",2024-04-07
1239,HRL,2024040705002486,49,55,20.00,593.70,"11,874.00",2024-04-07
1240,HRL,2024040705002490,49,21,10.00,593.70,"5,937.00",2024-04-07
1241,HRL,2024040705002491,49,21,10.00,593.10,"5,931.00",2024-04-07
1242,HRL,2024040705002492,49,35,100.00,593.10,"59,310.00",2024-04-07
1243,HRL,2024040705002494,49,45,10.00,593.10,"5,931.00",2024-04-07
1244,HRL,2024040705002496,49,32,10.00,593.10,"5,931.00",2024-04-07
1245,HRL,2024040705002500,49,34,70.00,593.10,"41,517.00",2024-04-07
1246,HRL,2024040705002501,22,34,30.00,593.10,"17,793.00",2024-04-07
1247,HRL,2024040705002502,22,58,20.00,593.10,"11,862.00",2024-04-07
1248,HRL,2024040705002503,49,58,10.00,593.00,"5,930.00",2024-04-07
1249,HRL,2024040705002504,49,21,20.00,593.00,"11,860.00",2024-04-07
1250,HRL,2024040705002505,49,21,10.00,593.00,"5,930.00",2024-04-07
1251,HRL,2024040705002506,49,41,10.00,593.00,"5,930.00",2024-04-07
1252,HRL,2024040705002509,49,56,30.00,593.00,"17,790.00",2024-04-07
1253,HRL,2024040705002511,49,21,20.00,593.00,"11,860.00",2024-04-07
1254,HRL,2024040705002512,49,21,10.00,593.00,"5,930.00",2024-04-07
1255,HRL,2024040705002513,37,21,10.00,593.00,"5,930.00",2024-04-07
1256,HRL,2024040705002515,37,35,25.00,593.00,"14,825.00",2024-04-07
1257,HRL,2024040705002516,21,42,10.00,593.10,"5,931.00",2024-04-07
1258,HRL,2024040705002517,21,49,10.00,593.10,"5,931.00",2024-04-07
1259,HRL,2024040705002520,49,42,30.00,593.70,"17,811.00",2024-04-07
1260,HRL,2024040705002521,21,35,25.00,593.10,"14,827.50",2024-04-07
1261,HRL,2024040705002523,21,21,20.00,593.10,"11,862.00",2024-04-07
1262,HRL,2024040705002527,6,21,20.00,593.20,"11,864.00",2024-04-07
1263,HRL,2024040705002529,33,58,10.00,594.00,"5,940.00",2024-04-07
1264,HRL,2024040705002532,21,57,10.00,593.10,"5,931.00",2024-04-07
1265,HRL,2024040705002534,21,45,10.00,593.10,"5,931.00",2024-04-07
1266,HRL,2024040705002535,21,21,15.00,593.10,"8,896.50",2024-04-07
1267,HRL,2024040705002537,88,4,10.00,593.10,"5,931.00",2024-04-07
1268,HRL,2024040705002538,88,59,10.00,593.10,"5,931.00",2024-04-07
1269,HRL,2024040705002539,88,21,20.00,593.10,"11,862.00",2024-04-07
1270,HRL,2024040705002543,58,21,20.00,593.20,"11,864.00",2024-04-07
1271,HRL,2024040705002544,58,4,10.00,593.20,"5,932.00",2024-04-07
1272,HRL,2024040705002547,7,45,20.00,593.50,"11,870.00",2024-04-07
1273,HRL,2024040705002549,6,58,120.00,594.00,"71,280.00",2024-04-07
1274,HRL,2024040705002550,6,39,10.00,594.00,"5,940.00",2024-04-07
1275,HRL,2024040705002551,6,55,10.00,594.00,"5,940.00",2024-04-07
1276,HRL,2024040705002552,6,91,10.00,594.00,"5,940.00",2024-04-07
1277,HRL,2024040705002553,6,26,20.00,594.00,"11,880.00",2024-04-07
1278,HRL,2024040705002554,6,45,20.00,594.00,"11,880.00",2024-04-07
1279,HRL,2024040705002555,6,32,10.00,594.00,"5,940.00",2024-04-07
1280,HRL,2024040705002556,6,4,15.00,594.00,"8,910.00",2024-04-07
1281,HRL,2024040705002557,58,49,20.00,593.20,"11,864.00",2024-04-07
1282,HRL,2024040705002558,58,58,10.00,593.20,"5,932.00",2024-04-07
1283,HRL,2024040705002561,58,21,20.00,593.20,"11,864.00",2024-04-07
1284,HRL,2024040705002564,58,21,20.00,593.20,"11,864.00",2024-04-07
1285,HRL,2024040705002566,17,4,10.00,594.00,"5,940.00",2024-04-07
1286,HRL,2024040705002567,58,94,10.00,593.20,"5,932.00",2024-04-07
1287,HRL,2024040705002569,58,36,10.00,593.20,"5,932.00",2024-04-07
1288,HRL,2024040705002570,58,19,20.00,593.20,"11,864.00",2024-04-07
1289,HRL,2024040705002571,58,21,20.00,593.20,"11,864.00",2024-04-07
1290,HRL,2024040705002572,58,43,10.00,593.20,"5,932.00",2024-04-07
1291,HRL,2024040705002573,58,21,20.00,593.20,"11,864.00",2024-04-07
1292,HRL,2024040705002574,58,21,20.00,593.20,"11,864.00",2024-04-07
1293,HRL,2024040705002575,58,53,10.00,593.20,"5,932.00",2024-04-07
1294,HRL,2024040705002576,57,42,20.00,594.00,"11,880.00",2024-04-07
1295,HRL,2024040705002577,57,57,30.00,594.00,"17,820.00",2024-04-07
1296,HRL,2024040705002578,57,49,10.00,594.00,"5,940.00",2024-04-07
1297,HRL,2024040705002579,57,48,20.00,594.00,"11,880.00",2024-04-07
1298,HRL,2024040705002580,57,38,20.00,594.00,"11,880.00",2024-04-07
1299,HRL,2024040705002581,57,21,20.00,594.00,"11,880.00",2024-04-07
1300,HRL,2024040705002582,57,7,20.00,594.00,"11,880.00",2024-04-07
1301,HRL,2024040705002583,57,56,20.00,594.00,"11,880.00",2024-04-07
1302,HRL,2024040705002584,57,21,20.00,594.00,"11,880.00",2024-04-07
1303,HRL,2024040705002585,57,57,20.00,594.00,"11,880.00",2024-04-07
1304,HRL,2024040705002586,6,57,10.00,594.00,"5,940.00",2024-04-07
1305,HRL,2024040705002587,6,21,15.00,594.00,"8,910.00",2024-04-07
1306,HRL,2024040705002589,58,11,30.00,593.20,"17,796.00",2024-04-07
1307,HRL,2024040705002590,58,21,20.00,593.20,"11,864.00",2024-04-07
1308,HRL,2024040705002591,45,21,20.00,593.30,"11,866.00",2024-04-07
1309,HRL,2024040705002592,45,21,20.00,593.30,"11,866.00",2024-04-07
1310,HRL,2024040705002594,45,21,20.00,593.30,"11,866.00",2024-04-07
1311,HRL,2024040705002596,45,59,20.00,593.30,"11,866.00",2024-04-07
1312,HRL,2024040705002598,45,34,10.00,593.30,"5,933.00",2024-04-07
1313,HRL,2024040705002599,58,45,30.00,594.00,"17,820.00",2024-04-07
1314,HRL,2024040705002600,58,6,10.00,594.00,"5,940.00",2024-04-07
1315,HRL,2024040705002601,58,44,21.00,594.90,"12,492.90",2024-04-07
1316,HRL,2024040705002602,58,43,30.00,594.90,"17,847.00",2024-04-07
1317,HRL,2024040705002603,58,42,182.00,595.00,"108,290.00",2024-04-07
1318,HRL,2024040705002604,58,22,10.00,595.00,"5,950.00",2024-04-07
1319,HRL,2024040705002605,58,22,50.00,595.00,"29,750.00",2024-04-07
1320,HRL,2024040705002606,58,58,20.00,595.00,"11,900.00",2024-04-07
1321,HRL,2024040705002607,58,56,20.00,595.00,"11,900.00",2024-04-07
1322,HRL,2024040705002608,58,35,10.00,595.00,"5,950.00",2024-04-07
1323,HRL,2024040705002609,58,58,20.00,595.00,"11,900.00",2024-04-07
1324,HRL,2024040705002610,58,56,20.00,595.00,"11,900.00",2024-04-07
1325,HRL,2024040705002611,58,54,10.00,595.00,"5,950.00",2024-04-07
1326,HRL,2024040705002612,58,54,10.00,595.00,"5,950.00",2024-04-07
1327,HRL,2024040705002613,58,49,10.00,595.00,"5,950.00",2024-04-07
1328,HRL,2024040705002614,58,49,10.00,595.00,"5,950.00",2024-04-07
1329,HRL,2024040705002615,58,36,10.00,595.00,"5,950.00",2024-04-07
1330,HRL,2024040705002616,58,4,180.00,595.00,"107,100.00",2024-04-07
1331,HRL,2024040705002617,58,58,80.00,595.00,"47,600.00",2024-04-07
1332,HRL,2024040705002618,58,8,20.00,595.00,"11,900.00",2024-04-07
1333,HRL,2024040705002619,58,8,20.00,595.00,"11,900.00",2024-04-07
1334,HRL,2024040705002620,58,52,10.00,595.00,"5,950.00",2024-04-07
1335,HRL,2024040705002621,58,40,20.00,595.00,"11,900.00",2024-04-07
1336,HRL,2024040705002622,58,49,20.00,595.00,"11,900.00",2024-04-07
1337,HRL,2024040705002623,58,45,10.00,595.00,"5,950.00",2024-04-07
1338,HRL,2024040705002624,58,10,200.00,595.00,"119,000.00",2024-04-07
1339,HRL,2024040705002625,58,10,20.00,595.00,"11,900.00",2024-04-07
1340,HRL,2024040705002626,58,58,10.00,595.00,"5,950.00",2024-04-07
1341,HRL,2024040705002627,58,22,80.00,595.00,"47,600.00",2024-04-07
1342,HRL,2024040705002628,58,1,10.00,595.00,"5,950.00",2024-04-07
1343,HRL,2024040705002629,58,22,20.00,595.00,"11,900.00",2024-04-07
1344,HRL,2024040705002630,58,58,10.00,595.00,"5,950.00",2024-04-07
1345,HRL,2024040705002631,58,35,150.00,595.00,"89,250.00",2024-04-07
1346,HRL,2024040705002632,58,52,10.00,595.00,"5,950.00",2024-04-07
1347,HRL,2024040705002633,58,42,10.00,595.00,"5,950.00",2024-04-07
1348,HRL,2024040705002634,58,52,10.00,595.00,"5,950.00",2024-04-07
1349,HRL,2024040705002635,58,52,10.00,595.00,"5,950.00",2024-04-07
1350,HRL,2024040705002636,58,56,20.00,595.00,"11,900.00",2024-04-07
1351,HRL,2024040705002637,58,52,10.00,595.00,"5,950.00",2024-04-07
1352,HRL,2024040705002638,58,35,150.00,595.00,"89,250.00",2024-04-07
1353,HRL,2024040705002639,58,21,100.00,595.00,"59,500.00",2024-04-07
1354,HRL,2024040705002640,58,45,50.00,595.00,"29,750.00",2024-04-07
1355,HRL,2024040705002641,58,35,30.00,595.00,"17,850.00",2024-04-07
1356,HRL,2024040705002642,58,59,10.00,595.00,"5,950.00",2024-04-07
1357,HRL,2024040705002643,58,52,10.00,595.00,"5,950.00",2024-04-07
1358,HRL,2024040705002644,58,13,10.00,595.00,"5,950.00",2024-04-07
1359,HRL,2024040705002645,58,45,10.00,595.00,"5,950.00",2024-04-07
1360,HRL,2024040705002646,58,59,10.00,595.00,"5,950.00",2024-04-07
1361,HRL,2024040705002647,58,58,10.00,595.00,"5,950.00",2024-04-07
1362,HRL,2024040705002648,58,58,10.00,595.00,"5,950.00",2024-04-07
1363,HRL,2024040705002649,58,13,10.00,595.00,"5,950.00",2024-04-07
1364,HRL,2024040705002650,58,4,20.00,595.00,"11,900.00",2024-04-07
1365,HRL,2024040705002651,58,19,20.00,595.00,"11,900.00",2024-04-07
1366,HRL,2024040705002652,58,13,40.00,595.00,"23,800.00",2024-04-07
1367,HRL,2024040705002653,58,41,20.00,595.00,"11,900.00",2024-04-07
1368,HRL,2024040705002654,58,21,10.00,595.00,"5,950.00",2024-04-07
1369,HRL,2024040705002655,58,4,20.00,595.00,"11,900.00",2024-04-07
1370,HRL,2024040705002656,58,42,10.00,595.00,"5,950.00",2024-04-07
1371,HRL,2024040705002657,58,34,40.00,595.00,"23,800.00",2024-04-07
1372,HRL,2024040705002658,58,57,10.00,595.00,"5,950.00",2024-04-07
1373,HRL,2024040705002659,58,44,10.00,595.00,"5,950.00",2024-04-07
1374,HRL,2024040705002660,58,58,10.00,595.00,"5,950.00",2024-04-07
1375,HRL,2024040705002661,58,47,10.00,595.00,"5,950.00",2024-04-07
1376,HRL,2024040705002662,58,58,10.00,595.00,"5,950.00",2024-04-07
1377,HRL,2024040705002663,58,44,20.00,595.00,"11,900.00",2024-04-07
1378,HRL,2024040705002664,58,11,30.00,595.00,"17,850.00",2024-04-07
1379,HRL,2024040705002665,58,49,10.00,595.00,"5,950.00",2024-04-07
1380,HRL,2024040705002666,58,42,10.00,595.00,"5,950.00",2024-04-07
1381,HRL,2024040705002667,58,4,10.00,595.00,"5,950.00",2024-04-07
1382,HRL,2024040705002668,58,1,200.00,595.00,"119,000.00",2024-04-07
1383,HRL,2024040705002669,58,35,20.00,595.00,"11,900.00",2024-04-07
1384,HRL,2024040705002670,58,34,10.00,595.00,"5,950.00",2024-04-07
1385,HRL,2024040705002671,58,53,10.00,595.00,"5,950.00",2024-04-07
1386,HRL,2024040705002672,58,57,10.00,595.00,"5,950.00",2024-04-07
1387,HRL,2024040705002673,58,38,10.00,595.00,"5,950.00",2024-04-07
1388,HRL,2024040705002674,58,38,10.00,595.00,"5,950.00",2024-04-07
1389,HRL,2024040705002675,58,38,20.00,595.00,"11,900.00",2024-04-07
1390,HRL,2024040705002676,58,58,10.00,595.00,"5,950.00",2024-04-07
1391,HRL,2024040705002677,58,4,10.00,595.00,"5,950.00",2024-04-07
1392,HRL,2024040705002678,58,65,20.00,595.00,"11,900.00",2024-04-07
1393,HRL,2024040705002679,58,34,10.00,595.00,"5,950.00",2024-04-07
1394,HRL,2024040705002680,58,34,20.00,595.00,"11,900.00",2024-04-07
1395,HRL,2024040705002681,58,58,10.00,595.00,"5,950.00",2024-04-07
1396,HRL,2024040705002682,58,42,20.00,595.00,"11,900.00",2024-04-07
1397,HRL,2024040705002683,58,58,10.00,595.00,"5,950.00",2024-04-07
1398,HRL,2024040705002684,58,49,20.00,595.00,"11,900.00",2024-04-07
1399,HRL,2024040705002685,58,38,10.00,595.00,"5,950.00",2024-04-07
1400,HRL,2024040705002686,58,58,10.00,595.00,"5,950.00",2024-04-07
1401,HRL,2024040705002687,58,42,10.00,595.00,"5,950.00",2024-04-07
1402,HRL,2024040705002688,58,59,10.00,595.00,"5,950.00",2024-04-07
1403,HRL,2024040705002689,58,45,66.00,595.00,"39,270.00",2024-04-07
1404,HRL,2024040705002690,58,57,10.00,595.00,"5,950.00",2024-04-07
1405,HRL,2024040705002691,58,45,20.00,595.00,"11,900.00",2024-04-07
1406,HRL,2024040705002692,58,7,10.00,595.00,"5,950.00",2024-04-07
1407,HRL,2024040705002693,58,57,10.00,595.00,"5,950.00",2024-04-07
1408,HRL,2024040705002694,58,25,42.00,595.00,"24,990.00",2024-04-07
1409,HRL,2024040705002699,45,7,10.00,593.30,"5,933.00",2024-04-07
1410,HRL,2024040705002700,36,7,10.00,593.30,"5,933.00",2024-04-07
1411,HRL,2024040705002701,57,62,10.00,593.40,"5,934.00",2024-04-07
1412,HRL,2024040705002703,57,8,10.00,593.40,"5,934.00",2024-04-07
1413,HRL,2024040705002705,32,66,10.00,594.00,"5,940.00",2024-04-07
1414,HRL,2024040705002706,32,58,10.00,594.00,"5,940.00",2024-04-07
1415,HRL,2024040705002707,32,35,30.00,595.00,"17,850.00",2024-04-07
1416,HRL,2024040705002708,32,58,20.00,595.00,"11,900.00",2024-04-07
1417,HRL,2024040705002710,32,57,10.00,595.00,"5,950.00",2024-04-07
1418,HRL,2024040705002714,57,58,10.00,593.40,"5,934.00",2024-04-07
1419,HRL,2024040705002715,57,49,10.00,593.40,"5,934.00",2024-04-07
1420,HRL,2024040705002716,58,19,10.00,593.50,"5,935.00",2024-04-07
1421,HRL,2024040705002718,58,81,630.00,594.00,"374,220.00",2024-04-07
1422,HRL,2024040705002719,58,64,10.00,593.50,"5,935.00",2024-04-07
1423,HRL,2024040705002720,58,29,10.00,593.50,"5,935.00",2024-04-07
1424,HRL,2024040705002725,36,6,20.00,593.60,"11,872.00",2024-04-07
1425,HRL,2024040705002730,37,42,10.00,594.00,"5,940.00",2024-04-07
1426,HRL,2024040705002731,37,47,10.00,594.00,"5,940.00",2024-04-07
1427,HRL,2024040705002732,37,59,10.00,594.00,"5,940.00",2024-04-07
1428,HRL,2024040705002733,37,49,10.00,594.00,"5,940.00",2024-04-07
1429,HRL,2024040705002737,38,55,10.00,594.00,"5,940.00",2024-04-07
1430,HRL,2024040705002738,38,21,10.00,594.00,"5,940.00",2024-04-07
1431,HRL,2024040705002739,38,29,10.00,594.00,"5,940.00",2024-04-07
1432,HRL,2024040705002740,58,29,10.00,594.00,"5,940.00",2024-04-07
1433,HRL,2024040705002743,58,58,10.00,594.00,"5,940.00",2024-04-07
1434,HRL,2024040705002747,58,45,30.00,594.00,"17,820.00",2024-04-07
1435,HRL,2024040705002752,58,94,20.00,594.00,"11,880.00",2024-04-07
1436,HRL,2024040705002753,57,44,20.00,594.10,"11,882.00",2024-04-07
1437,HRL,2024040705002756,57,47,10.00,594.10,"5,941.00",2024-04-07
1438,HRL,2024040705002758,13,58,30.00,595.00,"17,850.00",2024-04-07
1439,HRL,2024040705002759,13,58,20.00,595.00,"11,900.00",2024-04-07
1440,HRL,2024040705002760,13,56,20.00,595.00,"11,900.00",2024-04-07
1441,HRL,2024040705002761,13,35,10.00,595.00,"5,950.00",2024-04-07
1442,HRL,2024040705002762,57,58,10.00,594.10,"5,941.00",2024-04-07
1443,HRL,2024040705002763,57,38,10.00,594.10,"5,941.00",2024-04-07
1444,HRL,2024040705002764,57,58,10.00,594.10,"5,941.00",2024-04-07
1445,HRL,2024040705002765,58,57,10.00,594.00,"5,940.00",2024-04-07
1446,HRL,2024040705002766,58,49,10.00,594.00,"5,940.00",2024-04-07
1447,HRL,2024040705002767,58,44,20.00,594.00,"11,880.00",2024-04-07
1448,HRL,2024040705002768,58,22,100.00,594.00,"59,400.00",2024-04-07
1449,HRL,2024040705002769,58,58,10.00,594.00,"5,940.00",2024-04-07
1450,HRL,2024040705002771,58,58,10.00,594.00,"5,940.00",2024-04-07
1451,HRL,2024040705002772,66,17,10.00,594.10,"5,941.00",2024-04-07
1452,HRL,2024040705002773,66,58,30.00,594.10,"17,823.00",2024-04-07
1453,HRL,2024040705002774,66,44,20.00,594.10,"11,882.00",2024-04-07
1454,HRL,2024040705002775,66,45,30.00,594.10,"17,823.00",2024-04-07
1455,HRL,2024040705002778,66,35,10.00,594.10,"5,941.00",2024-04-07
1456,HRL,2024040705002780,58,53,500.00,594.00,"297,000.00",2024-04-07
1457,HRL,2024040705002781,62,35,30.00,594.10,"17,823.00",2024-04-07
1458,HRL,2024040705002782,62,19,10.00,594.10,"5,941.00",2024-04-07
1459,HRL,2024040705002783,62,29,10.00,595.00,"5,950.00",2024-04-07
1460,HRL,2024040705002796,49,58,20.00,594.10,"11,882.00",2024-04-07
1461,HRL,2024040705002800,49,5,10.00,594.10,"5,941.00",2024-04-07
1462,HRL,2024040705002801,13,5,50.00,594.10,"29,705.00",2024-04-07
1463,HRL,2024040705002802,58,5,530.00,594.00,"314,820.00",2024-04-07
1464,HRL,2024040705002807,58,45,30.00,594.00,"17,820.00",2024-04-07
1465,HRL,2024040705002808,58,77,40.00,594.00,"23,760.00",2024-04-07
1466,HRL,2024040705002811,58,5,10.00,594.00,"5,940.00",2024-04-07
1467,HRL,2024040705002812,58,47,10.00,594.00,"5,940.00",2024-04-07
1468,HRL,2024040705002820,58,1,30.00,594.00,"17,820.00",2024-04-07
1469,HRL,2024040705002826,58,58,20.00,594.00,"11,880.00",2024-04-07
1470,HRL,2024040705002828,58,42,10.00,594.00,"5,940.00",2024-04-07
1471,HRL,2024040705002829,58,45,10.00,594.00,"5,940.00",2024-04-07
1472,HRL,2024040705002832,58,47,20.00,594.00,"11,880.00",2024-04-07
1473,HRL,2024040705002833,58,45,30.00,594.00,"17,820.00",2024-04-07
1474,HRL,2024040705002838,58,51,30.00,594.00,"17,820.00",2024-04-07
1475,HRL,2024040705002847,58,47,10.00,594.00,"5,940.00",2024-04-07
1476,HRL,2024040705002848,58,77,10.00,594.00,"5,940.00",2024-04-07
1477,HRL,2024040705002849,58,22,10.00,594.00,"5,940.00",2024-04-07
1478,HRL,2024040705002850,58,47,10.00,594.00,"5,940.00",2024-04-07
1479,HRL,2024040705002852,58,32,30.00,594.00,"17,820.00",2024-04-07
1480,HRL,2024040705002854,58,35,40.00,594.00,"23,760.00",2024-04-07
1481,HRL,2024040705002856,58,46,10.00,594.00,"5,940.00",2024-04-07
1482,HRL,2024040705002862,48,58,20.00,594.10,"11,882.00",2024-04-07
1483,HRL,2024040705002864,48,42,10.00,594.10,"5,941.00",2024-04-07
1484,HRL,2024040705002867,48,8,10.00,594.10,"5,941.00",2024-04-07
1485,HRL,2024040705002868,48,34,360.00,594.10,"213,876.00",2024-04-07
1486,HRL,2024040705002869,62,34,70.00,594.10,"41,587.00",2024-04-07
1487,HRL,2024040705002870,58,38,10.00,594.00,"5,940.00",2024-04-07
1488,HRL,2024040705002871,58,21,10.00,594.00,"5,940.00",2024-04-07
1489,HRL,2024040705002872,58,58,10.00,594.00,"5,940.00",2024-04-07
1490,HRL,2024040705002873,58,57,10.00,594.00,"5,940.00",2024-04-07
1491,HRL,2024040705002874,58,14,10.00,594.00,"5,940.00",2024-04-07
1492,HRL,2024040705002876,58,22,40.00,594.00,"23,760.00",2024-04-07
1493,HRL,2024040705002877,62,34,10.00,594.10,"5,941.00",2024-04-07
1494,HRL,2024040705002878,62,25,30.00,594.10,"17,823.00",2024-04-07
1495,HRL,2024040705002879,13,4,50.00,594.80,"29,740.00",2024-04-07
1496,HRL,2024040705002880,13,58,20.00,595.00,"11,900.00",2024-04-07
1497,HRL,2024040705002881,13,57,10.00,595.00,"5,950.00",2024-04-07
1498,HRL,2024040705002882,13,55,10.00,595.00,"5,950.00",2024-04-07
1499,HRL,2024040705002883,13,34,10.00,595.00,"5,950.00",2024-04-07
1500,HRL,2024040705002884,13,26,10.00,595.00,"5,950.00",2024-04-07
