SN,Symbol,Transaction No.,Buyer Broker,Seller Broker,Share Quantity,Rate(Rs),Amount(Rs),Traded Date
1,HRL,2024040205000001,68,58,10.00,608.70,"6,087.00",2024-04-02
2,HRL,2024040205000002,68,32,10.00,608.70,"6,087.00",2024-04-02
3,HRL,2024040205000003,68,57,20.00,608.70,"12,174.00",2024-04-02
4,HRL,2024040205000004,68,32,30.00,608.70,"18,261.00",2024-04-02
5,HRL,2024040205000005,68,4,10.00,608.70,"6,087.00",2024-04-02
6,HRL,2024040205000006,68,70,20.00,608.70,"12,174.00",2024-04-02
7,HRL,2024040205000007,68,44,10.00,608.70,"6,087.00",2024-04-02
8,HRL,2024040205000008,68,42,200.00,608.70,"121,740.00",2024-04-02
9,HRL,2024040205000009,68,70,10.00,608.70,"6,087.00",2024-04-02
10,HRL,2024040205000010,38,70,10.00,608.70,"6,087.00",2024-04-02
11,HRL,2024040205000015,36,58,10.00,600.90,"6,009.00",2024-04-02
12,HRL,2024040205000018,17,57,20.00,597.00,"11,940.00",2024-04-02
13,HRL,2024040205000019,17,32,10.00,597.00,"5,970.00",2024-04-02
14,HRL,2024040205000020,17,49,10.00,597.00,"5,970.00",2024-04-02
15,HRL,2024040205000021,17,4,10.00,597.00,"5,970.00",2024-04-02
16,HRL,2024040205000022,17,6,10.00,597.00,"5,970.00",2024-04-02
17,HRL,2024040205000024,55,58,10.00,598.00,"5,980.00",2024-04-02
18,HRL,2024040205000025,55,4,10.00,598.00,"5,980.00",2024-04-02
19,HRL,2024040205000026,22,49,10.00,597.10,"5,971.00",2024-04-02
20,HRL,2024040205000027,17,56,20.00,597.00,"11,940.00",2024-04-02
21,HRL,2024040205000030,17,29,10.00,597.00,"5,970.00",2024-04-02
22,HRL,2024040205000032,17,52,30.00,597.00,"17,910.00",2024-04-02
23,HRL,2024040205000034,17,57,10.00,597.00,"5,970.00",2024-04-02
24,HRL,2024040205000035,17,49,10.00,597.00,"5,970.00",2024-04-02
25,HRL,2024040205000036,38,44,10.00,599.00,"5,990.00",2024-04-02
26,HRL,2024040205000038,17,29,10.00,597.00,"5,970.00",2024-04-02
27,HRL,2024040205000040,17,46,10.00,597.00,"5,970.00",2024-04-02
28,HRL,2024040205000041,17,49,20.00,597.00,"11,940.00",2024-04-02
29,HRL,2024040205000042,91,64,20.00,597.10,"11,942.00",2024-04-02
30,HRL,2024040205000043,91,38,10.00,597.10,"5,971.00",2024-04-02
31,HRL,2024040205000044,91,58,10.00,597.10,"5,971.00",2024-04-02
32,HRL,2024040205000046,43,58,10.00,597.20,"5,972.00",2024-04-02
33,HRL,2024040205000047,43,4,10.00,597.20,"5,972.00",2024-04-02
34,HRL,2024040205000049,55,56,12.00,597.50,"7,170.00",2024-04-02
35,HRL,2024040205000050,53,26,10.00,597.50,"5,975.00",2024-04-02
36,HRL,2024040205000052,54,34,20.00,597.50,"11,950.00",2024-04-02
37,HRL,2024040205000054,91,38,20.00,597.60,"11,952.00",2024-04-02
38,HRL,2024040205000056,91,58,10.00,597.60,"5,976.00",2024-04-02
39,HRL,2024040205000058,91,4,10.00,597.60,"5,976.00",2024-04-02
40,HRL,2024040205000059,14,57,10.00,598.00,"5,980.00",2024-04-02
41,HRL,2024040205000062,7,43,50.00,599.00,"29,950.00",2024-04-02
42,HRL,2024040205000063,55,43,150.00,599.00,"89,850.00",2024-04-02
43,HRL,2024040205000065,55,4,10.00,599.50,"5,995.00",2024-04-02
44,HRL,2024040205000066,55,19,20.00,599.50,"11,990.00",2024-04-02
45,HRL,2024040205000067,55,54,10.00,600.00,"6,000.00",2024-04-02
46,HRL,2024040205000068,55,10,20.00,600.00,"12,000.00",2024-04-02
47,HRL,2024040205000069,55,17,10.00,600.00,"6,000.00",2024-04-02
48,HRL,2024040205000070,55,59,10.00,600.00,"6,000.00",2024-04-02
49,HRL,2024040205000071,55,4,10.00,600.00,"6,000.00",2024-04-02
50,HRL,2024040205000072,55,57,20.00,600.00,"12,000.00",2024-04-02
51,HRL,2024040205000073,55,54,10.00,600.00,"6,000.00",2024-04-02
52,HRL,2024040205000074,55,50,50.00,600.00,"30,000.00",2024-04-02
53,HRL,2024040205000075,55,4,30.00,600.00,"18,000.00",2024-04-02
54,HRL,2024040205000076,55,58,10.00,600.00,"6,000.00",2024-04-02
55,HRL,2024040205000078,55,60,10.00,600.00,"6,000.00",2024-04-02
56,HRL,2024040205000080,55,58,10.00,600.00,"6,000.00",2024-04-02
57,HRL,2024040205000081,55,28,20.00,600.00,"12,000.00",2024-04-02
58,HRL,2024040205000082,55,34,10.00,600.00,"6,000.00",2024-04-02
59,HRL,2024040205000083,32,45,100.00,600.80,"60,080.00",2024-04-02
60,HRL,2024040205000084,32,55,"1,900.00",600.90,"1,141,710.00",2024-04-02
61,HRL,2024040205000086,51,55,40.00,600.90,"24,036.00",2024-04-02
62,HRL,2024040205000087,55,34,20.00,600.00,"12,000.00",2024-04-02
63,HRL,2024040205000090,55,57,10.00,600.00,"6,000.00",2024-04-02
64,HRL,2024040205000091,55,7,20.00,600.00,"12,000.00",2024-04-02
65,HRL,2024040205000092,55,49,10.00,600.00,"6,000.00",2024-04-02
66,HRL,2024040205000094,13,16,30.00,600.10,"18,003.00",2024-04-02
67,HRL,2024040205000098,42,49,10.00,600.20,"6,002.00",2024-04-02
68,HRL,2024040205000100,13,58,20.00,600.10,"12,002.00",2024-04-02
69,HRL,2024040205000101,49,55,60.00,600.90,"36,054.00",2024-04-02
70,HRL,2024040205000102,49,10,10.00,601.00,"6,010.00",2024-04-02
71,HRL,2024040205000103,49,49,10.00,601.00,"6,010.00",2024-04-02
72,HRL,2024040205000104,49,52,10.00,601.00,"6,010.00",2024-04-02
73,HRL,2024040205000107,50,28,10.00,600.20,"6,002.00",2024-04-02
74,HRL,2024040205000108,14,43,20.00,602.00,"12,040.00",2024-04-02
75,HRL,2024040205000109,14,45,20.00,602.00,"12,040.00",2024-04-02
76,HRL,2024040205000110,14,65,40.00,602.00,"24,080.00",2024-04-02
77,HRL,2024040205000112,14,36,10.00,602.00,"6,020.00",2024-04-02
78,HRL,2024040205000113,42,52,40.00,602.90,"24,116.00",2024-04-02
79,HRL,2024040205000116,14,54,10.00,602.00,"6,020.00",2024-04-02
80,HRL,2024040205000117,50,54,10.00,600.20,"6,002.00",2024-04-02
81,HRL,2024040205000121,53,38,10.00,600.30,"6,003.00",2024-04-02
82,HRL,2024040205000122,53,44,90.00,600.30,"54,027.00",2024-04-02
83,HRL,2024040205000123,50,44,20.00,600.20,"12,004.00",2024-04-02
84,HRL,2024040205000124,38,44,20.00,600.20,"12,004.00",2024-04-02
85,HRL,2024040205000125,43,44,80.00,600.10,"48,008.00",2024-04-02
86,HRL,2024040205000126,41,44,50.00,600.10,"30,005.00",2024-04-02
87,HRL,2024040205000127,58,44,300.00,600.10,"180,030.00",2024-04-02
88,HRL,2024040205000128,55,44,"4,440.00",600.00,"2,664,000.00",2024-04-02
89,HRL,2024040205000131,55,21,10.00,600.00,"6,000.00",2024-04-02
90,HRL,2024040205000135,55,45,10.00,600.00,"6,000.00",2024-04-02
91,HRL,2024040205000136,55,58,30.00,600.00,"18,000.00",2024-04-02
92,HRL,2024040205000137,55,47,10.00,600.00,"6,000.00",2024-04-02
93,HRL,2024040205000139,14,57,10.00,602.00,"6,020.00",2024-04-02
94,HRL,2024040205000140,14,38,10.00,602.00,"6,020.00",2024-04-02
95,HRL,2024040205000141,14,50,80.00,602.00,"48,160.00",2024-04-02
96,HRL,2024040205000142,55,50,180.00,600.00,"108,000.00",2024-04-02
97,HRL,2024040205000143,42,50,10.00,600.00,"6,000.00",2024-04-02
98,HRL,2024040205000144,17,50,100.00,600.00,"60,000.00",2024-04-02
99,HRL,2024040205000149,16,35,10.00,599.10,"5,991.00",2024-04-02
100,HRL,2024040205000150,16,6,20.00,599.10,"11,982.00",2024-04-02
101,HRL,2024040205000155,57,38,10.00,599.20,"5,992.00",2024-04-02
102,HRL,2024040205000157,57,13,10.00,599.20,"5,992.00",2024-04-02
103,HRL,2024040205000169,55,57,10.00,599.00,"5,990.00",2024-04-02
104,HRL,2024040205000171,55,70,280.00,599.00,"167,720.00",2024-04-02
105,HRL,2024040205000172,55,59,30.00,599.00,"17,970.00",2024-04-02
106,HRL,2024040205000179,1,49,10.00,599.90,"5,999.00",2024-04-02
107,HRL,2024040205000183,55,50,400.00,599.00,"239,600.00",2024-04-02
108,HRL,2024040205000184,55,58,10.00,599.00,"5,990.00",2024-04-02
109,HRL,2024040205000186,40,49,10.00,599.10,"5,991.00",2024-04-02
110,HRL,2024040205000187,40,47,10.00,599.10,"5,991.00",2024-04-02
111,HRL,2024040205000188,55,47,10.00,599.00,"5,990.00",2024-04-02
112,HRL,2024040205000189,55,52,10.00,599.00,"5,990.00",2024-04-02
113,HRL,2024040205000190,55,58,10.00,599.00,"5,990.00",2024-04-02
114,HRL,2024040205000196,94,48,10.00,599.20,"5,992.00",2024-04-02
115,HRL,2024040205000197,94,58,10.00,599.20,"5,992.00",2024-04-02
116,HRL,2024040205000201,1,32,10.00,600.00,"6,000.00",2024-04-02
117,HRL,2024040205000202,1,22,10.00,600.00,"6,000.00",2024-04-02
118,HRL,2024040205000203,1,58,10.00,600.00,"6,000.00",2024-04-02
119,HRL,2024040205000204,1,42,10.00,600.00,"6,000.00",2024-04-02
120,HRL,2024040205000205,1,26,10.00,600.00,"6,000.00",2024-04-02
121,HRL,2024040205000206,1,41,10.00,600.00,"6,000.00",2024-04-02
122,HRL,2024040205000207,1,52,10.00,600.00,"6,000.00",2024-04-02
123,HRL,2024040205000208,1,42,10.00,600.00,"6,000.00",2024-04-02
124,HRL,2024040205000209,1,35,10.00,600.00,"6,000.00",2024-04-02
125,HRL,2024040205000210,1,46,20.00,600.00,"12,000.00",2024-04-02
126,HRL,2024040205000211,1,35,10.00,600.00,"6,000.00",2024-04-02
127,HRL,2024040205000212,1,45,10.00,600.00,"6,000.00",2024-04-02
128,HRL,2024040205000213,13,33,10.00,599.30,"5,993.00",2024-04-02
129,HRL,2024040205000216,13,6,10.00,599.30,"5,993.00",2024-04-02
130,HRL,2024040205000218,13,57,20.00,599.30,"11,986.00",2024-04-02
131,HRL,2024040205000219,45,34,10.00,600.00,"6,000.00",2024-04-02
132,HRL,2024040205000222,49,38,10.00,600.00,"6,000.00",2024-04-02
133,HRL,2024040205000223,49,58,10.00,600.00,"6,000.00",2024-04-02
134,HRL,2024040205000225,34,50,30.00,600.00,"18,000.00",2024-04-02
135,HRL,2024040205000226,49,6,20.00,601.00,"12,020.00",2024-04-02
136,HRL,2024040205000227,49,19,10.00,601.00,"6,010.00",2024-04-02
137,HRL,2024040205000229,34,58,10.00,600.00,"6,000.00",2024-04-02
138,HRL,2024040205000231,34,57,20.00,600.00,"12,000.00",2024-04-02
139,HRL,2024040205000234,49,38,10.00,600.10,"6,001.00",2024-04-02
140,HRL,2024040205000236,49,38,10.00,600.10,"6,001.00",2024-04-02
141,HRL,2024040205000242,49,70,80.00,600.10,"48,008.00",2024-04-02
142,HRL,2024040205000244,34,58,10.00,600.00,"6,000.00",2024-04-02
143,HRL,2024040205000245,34,42,30.00,600.00,"18,000.00",2024-04-02
144,HRL,2024040205000246,58,42,70.00,600.00,"42,000.00",2024-04-02
145,HRL,2024040205000248,58,70,20.00,600.00,"12,000.00",2024-04-02
146,HRL,2024040205000251,58,58,10.00,600.00,"6,000.00",2024-04-02
147,HRL,2024040205000252,22,49,10.00,600.00,"6,000.00",2024-04-02
148,HRL,2024040205000254,49,45,10.00,600.10,"6,001.00",2024-04-02
149,HRL,2024040205000260,44,49,10.00,600.10,"6,001.00",2024-04-02
150,HRL,2024040205000261,22,34,10.00,600.00,"6,000.00",2024-04-02
151,HRL,2024040205000262,22,63,10.00,600.00,"6,000.00",2024-04-02
152,HRL,2024040205000265,22,49,20.00,600.00,"12,000.00",2024-04-02
153,HRL,2024040205000266,36,49,10.00,600.00,"6,000.00",2024-04-02
154,HRL,2024040205000267,36,52,20.00,600.00,"12,000.00",2024-04-02
155,HRL,2024040205000271,36,38,10.00,600.00,"6,000.00",2024-04-02
156,HRL,2024040205000272,36,35,10.00,600.00,"6,000.00",2024-04-02
157,HRL,2024040205000279,45,35,10.00,600.00,"6,000.00",2024-04-02
158,HRL,2024040205000280,45,13,10.00,600.00,"6,000.00",2024-04-02
159,HRL,2024040205000281,45,34,10.00,600.00,"6,000.00",2024-04-02
160,HRL,2024040205000282,54,45,10.00,600.00,"6,000.00",2024-04-02
161,HRL,2024040205000283,54,25,10.00,600.00,"6,000.00",2024-04-02
162,HRL,2024040205000284,54,57,10.00,600.00,"6,000.00",2024-04-02
163,HRL,2024040205000286,54,13,20.00,600.00,"12,000.00",2024-04-02
164,HRL,2024040205000287,55,58,10.00,599.50,"5,995.00",2024-04-02
165,HRL,2024040205000288,55,57,60.00,599.50,"35,970.00",2024-04-02
166,HRL,2024040205000291,37,44,20.00,599.60,"11,992.00",2024-04-02
167,HRL,2024040205000292,44,58,10.00,600.00,"6,000.00",2024-04-02
168,HRL,2024040205000293,44,56,10.00,600.00,"6,000.00",2024-04-02
169,HRL,2024040205000294,44,35,10.00,600.00,"6,000.00",2024-04-02
170,HRL,2024040205000295,44,52,10.00,600.00,"6,000.00",2024-04-02
171,HRL,2024040205000296,44,34,10.00,600.00,"6,000.00",2024-04-02
172,HRL,2024040205000297,37,95,10.00,599.60,"5,996.00",2024-04-02
173,HRL,2024040205000301,37,37,7.00,598.00,"4,186.00",2024-04-02
174,HRL,2024040205000313,44,58,10.00,599.50,"5,995.00",2024-04-02
175,HRL,2024040205000318,44,42,10.00,599.50,"5,995.00",2024-04-02
176,HRL,2024040205000319,44,10,10.00,599.50,"5,995.00",2024-04-02
177,HRL,2024040205000325,44,57,20.00,599.50,"11,990.00",2024-04-02
178,HRL,2024040205000326,13,52,60.00,599.30,"35,958.00",2024-04-02
179,HRL,2024040205000327,94,52,20.00,599.20,"11,984.00",2024-04-02
180,HRL,2024040205000328,94,43,10.00,599.20,"5,992.00",2024-04-02
181,HRL,2024040205000330,94,55,30.00,599.20,"17,976.00",2024-04-02
182,HRL,2024040205000336,94,58,40.00,599.20,"23,968.00",2024-04-02
183,HRL,2024040205000339,94,48,10.00,599.20,"5,992.00",2024-04-02
184,HRL,2024040205000340,94,57,20.00,599.20,"11,984.00",2024-04-02
185,HRL,2024040205000341,94,49,10.00,599.20,"5,992.00",2024-04-02
186,HRL,2024040205000343,35,57,20.00,599.50,"11,990.00",2024-04-02
187,HRL,2024040205000349,94,59,10.00,599.20,"5,992.00",2024-04-02
188,HRL,2024040205000351,35,25,10.00,600.00,"6,000.00",2024-04-02
189,HRL,2024040205000352,35,41,20.00,600.00,"12,000.00",2024-04-02
190,HRL,2024040205000353,35,50,10.00,600.00,"6,000.00",2024-04-02
191,HRL,2024040205000354,35,7,30.00,600.00,"18,000.00",2024-04-02
192,HRL,2024040205000355,35,74,10.00,600.00,"6,000.00",2024-04-02
193,HRL,2024040205000356,35,4,10.00,600.00,"6,000.00",2024-04-02
194,HRL,2024040205000357,35,51,10.00,600.00,"6,000.00",2024-04-02
195,HRL,2024040205000358,35,58,10.00,600.00,"6,000.00",2024-04-02
196,HRL,2024040205000359,35,58,10.00,600.00,"6,000.00",2024-04-02
197,HRL,2024040205000360,35,38,20.00,600.00,"12,000.00",2024-04-02
198,HRL,2024040205000361,35,35,10.00,600.00,"6,000.00",2024-04-02
199,HRL,2024040205000362,35,58,20.00,600.00,"12,000.00",2024-04-02
200,HRL,2024040205000363,35,56,10.00,600.00,"6,000.00",2024-04-02
201,HRL,2024040205000364,35,3,10.00,600.00,"6,000.00",2024-04-02
202,HRL,2024040205000365,35,58,10.00,600.00,"6,000.00",2024-04-02
203,HRL,2024040205000366,35,56,10.00,600.00,"6,000.00",2024-04-02
204,HRL,2024040205000367,35,58,10.00,600.00,"6,000.00",2024-04-02
205,HRL,2024040205000368,35,58,10.00,600.00,"6,000.00",2024-04-02
206,HRL,2024040205000369,35,51,10.00,600.00,"6,000.00",2024-04-02
207,HRL,2024040205000370,35,49,10.00,600.00,"6,000.00",2024-04-02
208,HRL,2024040205000371,35,34,10.00,600.00,"6,000.00",2024-04-02
209,HRL,2024040205000372,94,59,50.00,599.20,"29,960.00",2024-04-02
210,HRL,2024040205000373,94,58,10.00,599.20,"5,992.00",2024-04-02
211,HRL,2024040205000374,94,49,10.00,599.20,"5,992.00",2024-04-02
212,HRL,2024040205000375,94,56,10.00,599.20,"5,992.00",2024-04-02
213,HRL,2024040205000376,1,56,100.00,599.10,"59,910.00",2024-04-02
214,HRL,2024040205000377,8,56,70.00,599.10,"41,937.00",2024-04-02
215,HRL,2024040205000378,8,57,20.00,599.10,"11,982.00",2024-04-02
216,HRL,2024040205000380,8,58,10.00,599.10,"5,991.00",2024-04-02
217,HRL,2024040205000385,25,34,10.00,599.10,"5,991.00",2024-04-02
218,HRL,2024040205000393,43,14,10.00,599.10,"5,991.00",2024-04-02
219,HRL,2024040205000400,43,49,10.00,599.10,"5,991.00",2024-04-02
220,HRL,2024040205000401,43,17,10.00,599.20,"5,992.00",2024-04-02
221,HRL,2024040205000402,43,32,10.00,599.20,"5,992.00",2024-04-02
222,HRL,2024040205000405,43,72,10.00,599.10,"5,991.00",2024-04-02
223,HRL,2024040205000410,34,54,10.00,599.20,"5,992.00",2024-04-02
224,HRL,2024040205000411,34,38,10.00,599.20,"5,992.00",2024-04-02
225,HRL,2024040205000415,43,4,10.00,600.00,"6,000.00",2024-04-02
226,HRL,2024040205000416,43,44,10.00,600.00,"6,000.00",2024-04-02
227,HRL,2024040205000417,43,59,10.00,600.00,"6,000.00",2024-04-02
228,HRL,2024040205000418,43,42,10.00,600.00,"6,000.00",2024-04-02
229,HRL,2024040205000419,43,35,10.00,600.00,"6,000.00",2024-04-02
230,HRL,2024040205000420,43,45,10.00,600.00,"6,000.00",2024-04-02
231,HRL,2024040205000421,43,35,10.00,600.00,"6,000.00",2024-04-02
232,HRL,2024040205000422,43,58,10.00,600.00,"6,000.00",2024-04-02
233,HRL,2024040205000423,43,35,10.00,600.00,"6,000.00",2024-04-02
234,HRL,2024040205000424,43,49,10.00,600.00,"6,000.00",2024-04-02
235,HRL,2024040205000425,43,34,10.00,600.00,"6,000.00",2024-04-02
236,HRL,2024040205000428,34,44,80.00,599.20,"47,936.00",2024-04-02
237,HRL,2024040205000429,34,44,100.00,599.20,"59,920.00",2024-04-02
238,HRL,2024040205000430,43,44,10.00,599.10,"5,991.00",2024-04-02
239,HRL,2024040205000431,36,44,85.00,599.10,"50,923.50",2024-04-02
240,HRL,2024040205000432,17,44,200.00,599.10,"119,820.00",2024-04-02
241,HRL,2024040205000433,55,44,"4,090.00",599.00,"2,449,910.00",2024-04-02
242,HRL,2024040205000434,19,44,50.00,599.00,"29,950.00",2024-04-02
243,HRL,2024040205000435,29,44,50.00,599.00,"29,950.00",2024-04-02
244,HRL,2024040205000436,49,44,10.00,599.00,"5,990.00",2024-04-02
245,HRL,2024040205000437,34,44,20.00,599.00,"11,980.00",2024-04-02
246,HRL,2024040205000438,7,44,50.00,599.00,"29,950.00",2024-04-02
247,HRL,2024040205000439,34,44,100.00,599.00,"59,900.00",2024-04-02
248,HRL,2024040205000440,50,44,10.00,599.00,"5,990.00",2024-04-02
249,HRL,2024040205000441,50,44,50.00,599.00,"29,950.00",2024-04-02
250,HRL,2024040205000458,38,34,10.00,599.10,"5,991.00",2024-04-02
251,HRL,2024040205000459,51,34,20.00,599.00,"11,980.00",2024-04-02
252,HRL,2024040205000462,51,49,10.00,599.00,"5,990.00",2024-04-02
253,HRL,2024040205000463,51,42,10.00,599.00,"5,990.00",2024-04-02
254,HRL,2024040205000464,51,34,20.00,599.00,"11,980.00",2024-04-02
255,HRL,2024040205000472,51,34,20.00,599.00,"11,980.00",2024-04-02
256,HRL,2024040205000473,51,34,20.00,599.00,"11,980.00",2024-04-02
257,HRL,2024040205000477,55,59,10.00,598.90,"5,989.00",2024-04-02
258,HRL,2024040205000479,42,34,10.00,598.90,"5,989.00",2024-04-02
259,HRL,2024040205000480,25,34,10.00,598.50,"5,985.00",2024-04-02
260,HRL,2024040205000484,25,6,20.00,598.50,"11,970.00",2024-04-02
261,HRL,2024040205000489,25,7,10.00,598.50,"5,985.00",2024-04-02
262,HRL,2024040205000498,32,34,20.00,598.60,"11,972.00",2024-04-02
263,HRL,2024040205000519,32,34,30.00,598.60,"17,958.00",2024-04-02
264,HRL,2024040205000525,32,34,30.00,598.60,"17,958.00",2024-04-02
265,HRL,2024040205000534,32,34,20.00,598.60,"11,972.00",2024-04-02
266,HRL,2024040205000535,25,34,10.00,598.50,"5,985.00",2024-04-02
267,HRL,2024040205000538,25,34,20.00,598.50,"11,970.00",2024-04-02
268,HRL,2024040205000539,25,58,10.00,598.50,"5,985.00",2024-04-02
269,HRL,2024040205000541,25,34,20.00,598.50,"11,970.00",2024-04-02
270,HRL,2024040205000542,45,58,10.00,598.60,"5,986.00",2024-04-02
271,HRL,2024040205000546,25,34,20.00,598.50,"11,970.00",2024-04-02
272,HRL,2024040205000549,25,34,20.00,598.50,"11,970.00",2024-04-02
273,HRL,2024040205000556,25,10,20.00,598.50,"11,970.00",2024-04-02
274,HRL,2024040205000560,25,34,20.00,598.50,"11,970.00",2024-04-02
275,HRL,2024040205000563,25,34,20.00,598.50,"11,970.00",2024-04-02
276,HRL,2024040205000564,25,7,10.00,598.50,"5,985.00",2024-04-02
277,HRL,2024040205000565,25,10,20.00,598.50,"11,970.00",2024-04-02
278,HRL,2024040205000566,25,8,30.00,598.50,"17,955.00",2024-04-02
279,HRL,2024040205000567,25,34,10.00,598.50,"5,985.00",2024-04-02
280,HRL,2024040205000569,25,34,20.00,598.50,"11,970.00",2024-04-02
281,HRL,2024040205000570,25,58,10.00,598.50,"5,985.00",2024-04-02
282,HRL,2024040205000572,34,58,20.00,598.50,"11,970.00",2024-04-02
283,HRL,2024040205000573,34,34,20.00,598.60,"11,972.00",2024-04-02
284,HRL,2024040205000576,34,34,10.00,598.70,"5,987.00",2024-04-02
285,HRL,2024040205000579,34,58,10.00,598.70,"5,987.00",2024-04-02
286,HRL,2024040205000602,35,58,10.00,598.80,"5,988.00",2024-04-02
287,HRL,2024040205000604,35,39,10.00,598.80,"5,988.00",2024-04-02
288,HRL,2024040205000605,35,94,10.00,598.80,"5,988.00",2024-04-02
289,HRL,2024040205000606,35,45,10.00,598.80,"5,988.00",2024-04-02
290,HRL,2024040205000607,45,57,30.00,599.00,"17,970.00",2024-04-02
291,HRL,2024040205000613,35,56,10.00,598.80,"5,988.00",2024-04-02
292,HRL,2024040205000614,45,35,10.00,599.00,"5,990.00",2024-04-02
293,HRL,2024040205000620,35,58,20.00,598.80,"11,976.00",2024-04-02
294,HRL,2024040205000622,34,7,10.00,598.80,"5,988.00",2024-04-02
295,HRL,2024040205000627,34,58,20.00,598.80,"11,976.00",2024-04-02
296,HRL,2024040205000628,45,49,10.00,599.00,"5,990.00",2024-04-02
297,HRL,2024040205000629,45,47,10.00,599.00,"5,990.00",2024-04-02
298,HRL,2024040205000634,34,58,10.00,598.80,"5,988.00",2024-04-02
299,HRL,2024040205000637,16,29,10.00,598.70,"5,987.00",2024-04-02
300,HRL,2024040205000638,16,56,10.00,598.70,"5,987.00",2024-04-02
301,HRL,2024040205000642,16,4,10.00,598.70,"5,987.00",2024-04-02
302,HRL,2024040205000644,45,58,10.00,598.80,"5,988.00",2024-04-02
303,HRL,2024040205000645,16,38,20.00,598.70,"11,974.00",2024-04-02
304,HRL,2024040205000648,16,39,10.00,598.30,"5,983.00",2024-04-02
305,HRL,2024040205000650,16,56,10.00,598.30,"5,983.00",2024-04-02
306,HRL,2024040205000651,16,49,10.00,598.30,"5,983.00",2024-04-02
307,HRL,2024040205000652,16,21,10.00,598.30,"5,983.00",2024-04-02
308,HRL,2024040205000653,16,35,10.00,598.30,"5,983.00",2024-04-02
309,HRL,2024040205000654,16,26,50.00,598.30,"29,915.00",2024-04-02
310,HRL,2024040205000655,47,26,150.00,598.20,"89,730.00",2024-04-02
311,HRL,2024040205000658,47,55,10.00,598.20,"5,982.00",2024-04-02
312,HRL,2024040205000660,45,58,10.00,598.30,"5,983.00",2024-04-02
313,HRL,2024040205000661,45,22,10.00,598.50,"5,985.00",2024-04-02
314,HRL,2024040205000662,45,16,10.00,598.50,"5,985.00",2024-04-02
315,HRL,2024040205000664,45,42,10.00,598.50,"5,985.00",2024-04-02
316,HRL,2024040205000670,45,56,10.00,598.50,"5,985.00",2024-04-02
317,HRL,2024040205000676,45,58,10.00,598.50,"5,985.00",2024-04-02
318,HRL,2024040205000678,45,58,10.00,598.50,"5,985.00",2024-04-02
319,HRL,2024040205000679,45,33,10.00,598.50,"5,985.00",2024-04-02
320,HRL,2024040205000680,45,42,20.00,598.50,"11,970.00",2024-04-02
321,HRL,2024040205000686,47,69,10.00,598.20,"5,982.00",2024-04-02
322,HRL,2024040205000687,47,32,20.00,598.20,"11,964.00",2024-04-02
323,HRL,2024040205000697,47,58,20.00,598.20,"11,964.00",2024-04-02
324,HRL,2024040205000699,47,69,30.00,598.10,"17,943.00",2024-04-02
325,HRL,2024040205000700,35,26,10.00,598.20,"5,982.00",2024-04-02
326,HRL,2024040205000701,47,41,10.00,598.10,"5,981.00",2024-04-02
327,HRL,2024040205000702,47,8,10.00,598.10,"5,981.00",2024-04-02
328,HRL,2024040205000706,47,62,10.00,598.10,"5,981.00",2024-04-02
329,HRL,2024040205000707,47,35,10.00,598.10,"5,981.00",2024-04-02
330,HRL,2024040205000708,47,42,20.00,598.10,"11,962.00",2024-04-02
331,HRL,2024040205000711,47,42,30.00,598.10,"17,943.00",2024-04-02
332,HRL,2024040205000712,47,6,10.00,598.10,"5,981.00",2024-04-02
333,HRL,2024040205000713,47,74,70.00,598.10,"41,867.00",2024-04-02
334,HRL,2024040205000714,25,74,50.00,598.10,"29,905.00",2024-04-02
335,HRL,2024040205000715,43,74,50.00,598.10,"29,905.00",2024-04-02
336,HRL,2024040205000716,42,46,10.00,598.00,"5,980.00",2024-04-02
337,HRL,2024040205000717,46,74,10.00,598.10,"5,981.00",2024-04-02
338,HRL,2024040205000721,22,74,50.00,598.10,"29,905.00",2024-04-02
339,HRL,2024040205000722,42,58,10.00,598.00,"5,980.00",2024-04-02
340,HRL,2024040205000723,47,74,20.00,598.10,"11,962.00",2024-04-02
341,HRL,2024040205000724,47,4,20.00,598.10,"11,962.00",2024-04-02
342,HRL,2024040205000725,47,39,10.00,598.10,"5,981.00",2024-04-02
343,HRL,2024040205000729,47,74,50.00,598.10,"29,905.00",2024-04-02
344,HRL,2024040205000731,53,47,20.00,598.00,"11,960.00",2024-04-02
345,HRL,2024040205000733,53,45,10.00,598.00,"5,980.00",2024-04-02
346,HRL,2024040205000734,53,57,10.00,598.00,"5,980.00",2024-04-02
347,HRL,2024040205000735,53,45,10.00,598.00,"5,980.00",2024-04-02
348,HRL,2024040205000739,53,56,10.00,598.00,"5,980.00",2024-04-02
349,HRL,2024040205000740,45,58,30.00,598.10,"17,943.00",2024-04-02
350,HRL,2024040205000741,45,35,50.00,598.10,"29,905.00",2024-04-02
351,HRL,2024040205000742,45,13,10.00,598.10,"5,981.00",2024-04-02
352,HRL,2024040205000743,45,90,40.00,598.10,"23,924.00",2024-04-02
353,HRL,2024040205000744,53,36,10.00,598.00,"5,980.00",2024-04-02
354,HRL,2024040205000745,53,56,10.00,598.00,"5,980.00",2024-04-02
355,HRL,2024040205000746,53,74,120.00,598.00,"71,760.00",2024-04-02
356,HRL,2024040205000747,56,74,25.00,598.00,"14,950.00",2024-04-02
357,HRL,2024040205000748,7,74,55.00,598.00,"32,890.00",2024-04-02
358,HRL,2024040205000749,7,48,10.00,598.00,"5,980.00",2024-04-02
359,HRL,2024040205000750,7,52,20.00,598.00,"11,960.00",2024-04-02
360,HRL,2024040205000752,7,58,15.00,598.00,"8,970.00",2024-04-02
361,HRL,2024040205000754,59,56,10.00,598.10,"5,981.00",2024-04-02
362,HRL,2024040205000758,59,58,10.00,598.10,"5,981.00",2024-04-02
363,HRL,2024040205000759,38,58,10.00,598.00,"5,980.00",2024-04-02
364,HRL,2024040205000760,38,58,5.00,598.00,"2,990.00",2024-04-02
365,HRL,2024040205000762,51,56,10.00,598.20,"5,982.00",2024-04-02
366,HRL,2024040205000763,51,58,10.00,598.20,"5,982.00",2024-04-02
367,HRL,2024040205000786,51,38,10.00,598.20,"5,982.00",2024-04-02
368,HRL,2024040205000787,51,49,10.00,598.20,"5,982.00",2024-04-02
369,HRL,2024040205000788,58,49,20.00,598.20,"11,964.00",2024-04-02
370,HRL,2024040205000790,55,49,10.00,598.00,"5,980.00",2024-04-02
371,HRL,2024040205000791,13,69,10.00,597.70,"5,977.00",2024-04-02
372,HRL,2024040205000794,13,69,10.00,597.70,"5,977.00",2024-04-02
373,HRL,2024040205000795,91,69,20.00,597.60,"11,952.00",2024-04-02
374,HRL,2024040205000796,17,69,10.00,597.00,"5,970.00",2024-04-02
375,HRL,2024040205000799,17,57,10.00,597.00,"5,970.00",2024-04-02
376,HRL,2024040205000800,28,7,10.00,597.00,"5,970.00",2024-04-02
377,HRL,2024040205000801,28,28,10.00,597.00,"5,970.00",2024-04-02
378,HRL,2024040205000804,28,25,10.00,597.00,"5,970.00",2024-04-02
379,HRL,2024040205000805,29,25,50.00,597.00,"29,850.00",2024-04-02
380,HRL,2024040205000806,43,25,20.00,597.00,"11,940.00",2024-04-02
381,HRL,2024040205000807,17,25,100.00,597.00,"59,700.00",2024-04-02
382,HRL,2024040205000808,32,25,100.00,597.00,"59,700.00",2024-04-02
383,HRL,2024040205000809,39,25,100.00,597.00,"59,700.00",2024-04-02
384,HRL,2024040205000810,58,25,10.00,597.00,"5,970.00",2024-04-02
385,HRL,2024040205000811,32,25,56.00,597.00,"33,432.00",2024-04-02
386,HRL,2024040205000812,46,25,35.00,597.00,"20,895.00",2024-04-02
387,HRL,2024040205000813,16,25,19.00,597.00,"11,343.00",2024-04-02
388,HRL,2024040205000814,16,52,10.00,597.00,"5,970.00",2024-04-02
389,HRL,2024040205000815,16,74,21.00,597.00,"12,537.00",2024-04-02
390,HRL,2024040205000816,43,74,29.00,597.00,"17,313.00",2024-04-02
391,HRL,2024040205000820,54,56,10.00,596.80,"5,968.00",2024-04-02
392,HRL,2024040205000821,54,10,10.00,596.80,"5,968.00",2024-04-02
393,HRL,2024040205000822,58,74,58.00,597.00,"34,626.00",2024-04-02
394,HRL,2024040205000823,42,35,1.00,586.90,586.90,2024-04-02
395,HRL,2024040205000825,54,40,10.00,596.80,"5,968.00",2024-04-02
396,HRL,2024040205000828,54,38,10.00,596.80,"5,968.00",2024-04-02
397,HRL,2024040205000830,54,49,10.00,596.80,"5,968.00",2024-04-02
398,HRL,2024040205000831,42,57,3.00,586.40,"1,759.20",2024-04-02
399,HRL,2024040205000835,54,57,10.00,596.80,"5,968.00",2024-04-02
400,HRL,2024040205000839,54,44,10.00,596.90,"5,969.00",2024-04-02
401,HRL,2024040205000840,19,44,30.00,596.80,"17,904.00",2024-04-02
402,HRL,2024040205000841,19,52,10.00,596.80,"5,968.00",2024-04-02
403,HRL,2024040205000842,42,52,10.00,596.90,"5,969.00",2024-04-02
404,HRL,2024040205000844,19,29,30.00,596.80,"17,904.00",2024-04-02
405,HRL,2024040205000845,19,49,10.00,596.80,"5,968.00",2024-04-02
406,HRL,2024040205000846,19,35,20.00,596.80,"11,936.00",2024-04-02
407,HRL,2024040205000847,19,25,20.00,596.80,"11,936.00",2024-04-02
408,HRL,2024040205000861,19,52,10.00,596.80,"5,968.00",2024-04-02
409,HRL,2024040205000862,19,58,10.00,596.80,"5,968.00",2024-04-02
410,HRL,2024040205000863,19,46,30.00,596.80,"17,904.00",2024-04-02
411,HRL,2024040205000866,19,43,10.00,596.80,"5,968.00",2024-04-02
412,HRL,2024040205000870,19,36,10.00,596.80,"5,968.00",2024-04-02
413,HRL,2024040205000871,34,66,10.00,596.90,"5,969.00",2024-04-02
414,HRL,2024040205000872,34,58,10.00,596.90,"5,969.00",2024-04-02
415,HRL,2024040205000873,34,52,10.00,596.90,"5,969.00",2024-04-02
416,HRL,2024040205000876,34,34,10.00,596.90,"5,969.00",2024-04-02
417,HRL,2024040205000877,34,13,10.00,596.90,"5,969.00",2024-04-02
418,HRL,2024040205000878,19,34,10.00,596.80,"5,968.00",2024-04-02
419,HRL,2024040205000879,11,34,10.00,596.80,"5,968.00",2024-04-02
420,HRL,2024040205000881,4,48,20.00,596.60,"11,932.00",2024-04-02
421,HRL,2024040205000885,22,62,10.00,596.50,"5,965.00",2024-04-02
422,HRL,2024040205000887,22,38,10.00,596.50,"5,965.00",2024-04-02
423,HRL,2024040205000891,22,45,30.00,596.50,"17,895.00",2024-04-02
424,HRL,2024040205000892,66,35,20.00,596.10,"11,922.00",2024-04-02
425,HRL,2024040205000899,66,52,10.00,596.10,"5,961.00",2024-04-02
426,HRL,2024040205000901,34,51,10.00,596.20,"5,962.00",2024-04-02
427,HRL,2024040205000902,66,26,30.00,596.10,"17,883.00",2024-04-02
428,HRL,2024040205000903,66,42,10.00,596.10,"5,961.00",2024-04-02
429,HRL,2024040205000909,66,55,20.00,596.10,"11,922.00",2024-04-02
430,HRL,2024040205000911,66,57,20.00,596.10,"11,922.00",2024-04-02
431,HRL,2024040205000914,66,6,10.00,596.10,"5,961.00",2024-04-02
432,HRL,2024040205000917,66,52,10.00,596.10,"5,961.00",2024-04-02
433,HRL,2024040205000918,66,49,10.00,596.10,"5,961.00",2024-04-02
434,HRL,2024040205000920,66,35,20.00,596.10,"11,922.00",2024-04-02
435,HRL,2024040205000921,66,52,10.00,596.10,"5,961.00",2024-04-02
436,HRL,2024040205000923,66,34,10.00,596.10,"5,961.00",2024-04-02
437,HRL,2024040205000924,66,35,10.00,596.10,"5,961.00",2024-04-02
438,HRL,2024040205000926,66,38,20.00,596.10,"11,922.00",2024-04-02
439,HRL,2024040205000928,55,58,10.00,596.50,"5,965.00",2024-04-02
440,HRL,2024040205000929,8,74,50.00,596.20,"29,810.00",2024-04-02
441,HRL,2024040205000930,66,74,90.00,596.10,"53,649.00",2024-04-02
442,HRL,2024040205000931,49,74,100.00,596.10,"59,610.00",2024-04-02
443,HRL,2024040205000932,1,74,100.00,596.10,"59,610.00",2024-04-02
444,HRL,2024040205000933,45,45,10.00,596.10,"5,961.00",2024-04-02
445,HRL,2024040205000934,45,45,10.00,596.10,"5,961.00",2024-04-02
446,HRL,2024040205000935,45,35,10.00,596.10,"5,961.00",2024-04-02
447,HRL,2024040205000937,45,58,10.00,596.10,"5,961.00",2024-04-02
448,HRL,2024040205000938,45,38,10.00,596.10,"5,961.00",2024-04-02
449,HRL,2024040205000945,1,49,10.00,596.10,"5,961.00",2024-04-02
450,HRL,2024040205000946,1,35,10.00,596.10,"5,961.00",2024-04-02
451,HRL,2024040205000948,1,35,10.00,596.10,"5,961.00",2024-04-02
452,HRL,2024040205000949,1,6,10.00,596.10,"5,961.00",2024-04-02
453,HRL,2024040205000950,1,35,20.00,596.10,"11,922.00",2024-04-02
454,HRL,2024040205000954,1,29,10.00,596.10,"5,961.00",2024-04-02
455,HRL,2024040205000957,1,54,10.00,596.10,"5,961.00",2024-04-02
456,HRL,2024040205000959,1,49,10.00,596.10,"5,961.00",2024-04-02
457,HRL,2024040205000960,49,35,10.00,596.20,"5,962.00",2024-04-02
458,HRL,2024040205000961,49,36,30.00,596.20,"17,886.00",2024-04-02
459,HRL,2024040205000963,49,28,10.00,596.20,"5,962.00",2024-04-02
460,HRL,2024040205000965,49,13,10.00,596.20,"5,962.00",2024-04-02
461,HRL,2024040205000966,49,49,10.00,596.20,"5,962.00",2024-04-02
462,HRL,2024040205000968,49,49,10.00,596.20,"5,962.00",2024-04-02
463,HRL,2024040205000970,49,36,30.00,596.20,"17,886.00",2024-04-02
464,HRL,2024040205000973,49,6,10.00,596.20,"5,962.00",2024-04-02
465,HRL,2024040205000976,49,35,10.00,596.30,"5,963.00",2024-04-02
466,HRL,2024040205000979,58,44,10.00,596.40,"5,964.00",2024-04-02
467,HRL,2024040205000980,58,36,30.00,596.40,"17,892.00",2024-04-02
468,HRL,2024040205000981,49,36,10.00,596.30,"5,963.00",2024-04-02
469,HRL,2024040205000982,49,42,10.00,596.30,"5,963.00",2024-04-02
470,HRL,2024040205000983,49,32,10.00,596.30,"5,963.00",2024-04-02
471,HRL,2024040205000984,49,49,10.00,596.30,"5,963.00",2024-04-02
472,HRL,2024040205000987,49,53,30.00,596.20,"17,886.00",2024-04-02
473,HRL,2024040205000988,49,49,10.00,596.20,"5,962.00",2024-04-02
474,HRL,2024040205000991,49,36,10.00,596.20,"5,962.00",2024-04-02
475,HRL,2024040205001003,49,35,10.00,596.20,"5,962.00",2024-04-02
476,HRL,2024040205001005,17,58,10.00,596.40,"5,964.00",2024-04-02
477,HRL,2024040205001011,49,35,10.00,596.20,"5,962.00",2024-04-02
478,HRL,2024040205001014,49,34,10.00,596.20,"5,962.00",2024-04-02
479,HRL,2024040205001015,45,58,10.00,596.20,"5,962.00",2024-04-02
480,HRL,2024040205001017,45,22,10.00,596.20,"5,962.00",2024-04-02
481,HRL,2024040205001018,25,54,10.00,596.20,"5,962.00",2024-04-02
482,HRL,2024040205001026,25,8,10.00,596.20,"5,962.00",2024-04-02
483,HRL,2024040205001027,29,35,10.00,596.20,"5,962.00",2024-04-02
484,HRL,2024040205001035,29,52,10.00,596.20,"5,962.00",2024-04-02
485,HRL,2024040205001037,46,58,10.00,597.00,"5,970.00",2024-04-02
486,HRL,2024040205001038,46,58,10.00,597.00,"5,970.00",2024-04-02
487,HRL,2024040205001040,29,49,10.00,596.20,"5,962.00",2024-04-02
488,HRL,2024040205001043,29,56,10.00,596.20,"5,962.00",2024-04-02
489,HRL,2024040205001045,49,58,10.00,597.00,"5,970.00",2024-04-02
490,HRL,2024040205001046,49,54,150.00,597.00,"89,550.00",2024-04-02
491,HRL,2024040205001047,49,21,10.00,597.00,"5,970.00",2024-04-02
492,HRL,2024040205001048,49,38,10.00,597.00,"5,970.00",2024-04-02
493,HRL,2024040205001049,49,5,20.00,597.00,"11,940.00",2024-04-02
494,HRL,2024040205001050,49,22,20.00,597.00,"11,940.00",2024-04-02
495,HRL,2024040205001051,49,56,30.00,597.00,"17,910.00",2024-04-02
496,HRL,2024040205001052,49,45,10.00,597.00,"5,970.00",2024-04-02
497,HRL,2024040205001053,29,42,10.00,596.20,"5,962.00",2024-04-02
498,HRL,2024040205001055,36,58,10.00,596.30,"5,963.00",2024-04-02
499,HRL,2024040205001056,36,49,20.00,596.30,"11,926.00",2024-04-02
500,HRL,2024040205001057,29,35,10.00,596.20,"5,962.00",2024-04-02
501,HRL,2024040205001062,29,45,10.00,596.20,"5,962.00",2024-04-02
502,HRL,2024040205001064,49,54,30.00,596.30,"17,889.00",2024-04-02
503,HRL,2024040205001066,19,58,50.00,596.40,"29,820.00",2024-04-02
504,HRL,2024040205001067,49,58,50.00,596.30,"29,815.00",2024-04-02
505,HRL,2024040205001068,49,52,10.00,596.30,"5,963.00",2024-04-02
506,HRL,2024040205001074,49,57,10.00,596.30,"5,963.00",2024-04-02
507,HRL,2024040205001075,42,57,10.00,596.30,"5,963.00",2024-04-02
508,HRL,2024040205001076,29,57,10.00,596.20,"5,962.00",2024-04-02
509,HRL,2024040205001083,62,35,20.00,596.40,"11,928.00",2024-04-02
510,HRL,2024040205001086,62,35,10.00,596.70,"5,967.00",2024-04-02
511,HRL,2024040205001087,62,38,30.00,596.70,"17,901.00",2024-04-02
512,HRL,2024040205001088,62,59,20.00,596.70,"11,934.00",2024-04-02
513,HRL,2024040205001089,62,36,10.00,596.70,"5,967.00",2024-04-02
514,HRL,2024040205001090,6,49,10.00,596.80,"5,968.00",2024-04-02
515,HRL,2024040205001091,6,53,10.00,597.00,"5,970.00",2024-04-02
516,HRL,2024040205001092,6,63,280.00,597.00,"167,160.00",2024-04-02
517,HRL,2024040205001101,62,26,10.00,596.70,"5,967.00",2024-04-02
518,HRL,2024040205001102,29,35,10.00,596.20,"5,962.00",2024-04-02
519,HRL,2024040205001103,29,41,20.00,596.20,"11,924.00",2024-04-02
520,HRL,2024040205001105,1,25,10.00,596.70,"5,967.00",2024-04-02
521,HRL,2024040205001106,29,28,10.00,596.20,"5,962.00",2024-04-02
522,HRL,2024040205001111,29,52,10.00,596.20,"5,962.00",2024-04-02
523,HRL,2024040205001112,29,4,10.00,596.20,"5,962.00",2024-04-02
524,HRL,2024040205001115,29,36,10.00,596.20,"5,962.00",2024-04-02
525,HRL,2024040205001124,1,38,20.00,596.30,"11,926.00",2024-04-02
526,HRL,2024040205001125,1,48,80.00,596.30,"47,704.00",2024-04-02
527,HRL,2024040205001126,29,48,420.00,596.20,"250,404.00",2024-04-02
528,HRL,2024040205001127,29,45,10.00,596.20,"5,962.00",2024-04-02
529,HRL,2024040205001128,58,4,10.00,596.30,"5,963.00",2024-04-02
530,HRL,2024040205001129,58,63,20.00,597.00,"11,940.00",2024-04-02
531,HRL,2024040205001130,58,45,10.00,597.00,"5,970.00",2024-04-02
532,HRL,2024040205001131,58,58,10.00,597.00,"5,970.00",2024-04-02
533,HRL,2024040205001132,58,26,10.00,597.00,"5,970.00",2024-04-02
534,HRL,2024040205001133,58,58,54.00,597.00,"32,238.00",2024-04-02
535,HRL,2024040205001134,58,6,10.00,597.00,"5,970.00",2024-04-02
536,HRL,2024040205001137,58,38,10.00,597.00,"5,970.00",2024-04-02
537,HRL,2024040205001138,58,58,50.00,597.00,"29,850.00",2024-04-02
538,HRL,2024040205001140,58,48,10.00,597.00,"5,970.00",2024-04-02
539,HRL,2024040205001142,29,56,20.00,596.30,"11,926.00",2024-04-02
540,HRL,2024040205001143,29,57,20.00,596.20,"11,924.00",2024-04-02
541,HRL,2024040205001147,43,36,10.00,597.00,"5,970.00",2024-04-02
542,HRL,2024040205001148,43,6,10.00,597.00,"5,970.00",2024-04-02
543,HRL,2024040205001149,29,6,10.00,596.20,"5,962.00",2024-04-02
544,HRL,2024040205001152,29,52,10.00,596.20,"5,962.00",2024-04-02
545,HRL,2024040205001153,29,38,20.00,596.20,"11,924.00",2024-04-02
546,HRL,2024040205001160,29,58,10.00,596.20,"5,962.00",2024-04-02
547,HRL,2024040205001161,29,41,15.00,596.20,"8,943.00",2024-04-02
548,HRL,2024040205001162,29,40,20.00,596.20,"11,924.00",2024-04-02
549,HRL,2024040205001167,29,58,10.00,596.20,"5,962.00",2024-04-02
550,HRL,2024040205001172,29,52,10.00,596.20,"5,962.00",2024-04-02
551,HRL,2024040205001175,29,58,10.00,596.20,"5,962.00",2024-04-02
552,HRL,2024040205001176,29,34,10.00,596.20,"5,962.00",2024-04-02
553,HRL,2024040205001177,29,58,10.00,596.20,"5,962.00",2024-04-02
554,HRL,2024040205001180,47,49,20.00,596.30,"11,926.00",2024-04-02
555,HRL,2024040205001181,29,49,10.00,596.20,"5,962.00",2024-04-02
556,HRL,2024040205001182,1,58,10.00,596.30,"5,963.00",2024-04-02
557,HRL,2024040205001183,1,52,10.00,596.30,"5,963.00",2024-04-02
558,HRL,2024040205001184,1,19,10.00,596.30,"5,963.00",2024-04-02
559,HRL,2024040205001185,1,84,10.00,596.30,"5,963.00",2024-04-02
560,HRL,2024040205001186,1,36,10.00,596.30,"5,963.00",2024-04-02
561,HRL,2024040205001187,1,19,20.00,596.30,"11,926.00",2024-04-02
562,HRL,2024040205001189,1,34,10.00,596.30,"5,963.00",2024-04-02
563,HRL,2024040205001192,1,56,10.00,596.30,"5,963.00",2024-04-02
564,HRL,2024040205001197,1,49,10.00,596.30,"5,963.00",2024-04-02
565,HRL,2024040205001198,29,29,10.00,596.30,"5,963.00",2024-04-02
566,HRL,2024040205001201,29,35,10.00,596.30,"5,963.00",2024-04-02
567,HRL,2024040205001205,29,35,10.00,596.30,"5,963.00",2024-04-02
568,HRL,2024040205001206,29,46,20.00,596.30,"11,926.00",2024-04-02
569,HRL,2024040205001209,29,35,10.00,596.20,"5,962.00",2024-04-02
570,HRL,2024040205001211,29,32,10.00,596.20,"5,962.00",2024-04-02
571,HRL,2024040205001214,29,35,10.00,596.20,"5,962.00",2024-04-02
572,HRL,2024040205001216,29,21,20.00,596.20,"11,924.00",2024-04-02
573,HRL,2024040205001217,29,56,20.00,596.20,"11,924.00",2024-04-02
574,HRL,2024040205001218,10,40,20.00,596.30,"11,926.00",2024-04-02
575,HRL,2024040205001223,29,43,40.00,596.20,"23,848.00",2024-04-02
576,HRL,2024040205001224,49,17,10.00,596.30,"5,963.00",2024-04-02
577,HRL,2024040205001225,49,59,10.00,596.30,"5,963.00",2024-04-02
578,HRL,2024040205001227,29,52,10.00,596.20,"5,962.00",2024-04-02
579,HRL,2024040205001228,29,42,10.00,596.20,"5,962.00",2024-04-02
580,HRL,2024040205001231,29,58,10.00,596.20,"5,962.00",2024-04-02
581,HRL,2024040205001233,29,17,10.00,596.20,"5,962.00",2024-04-02
582,HRL,2024040205001237,49,45,20.00,596.30,"11,926.00",2024-04-02
583,HRL,2024040205001241,49,52,10.00,596.30,"5,963.00",2024-04-02
584,HRL,2024040205001242,29,52,10.00,596.20,"5,962.00",2024-04-02
585,HRL,2024040205001246,87,49,10.00,596.40,"5,964.00",2024-04-02
586,HRL,2024040205001247,55,26,10.00,596.80,"5,968.00",2024-04-02
587,HRL,2024040205001248,55,42,10.00,597.00,"5,970.00",2024-04-02
588,HRL,2024040205001249,55,25,20.00,597.00,"11,940.00",2024-04-02
589,HRL,2024040205001250,55,48,10.00,597.00,"5,970.00",2024-04-02
590,HRL,2024040205001251,55,57,10.00,597.00,"5,970.00",2024-04-02
591,HRL,2024040205001252,55,58,10.00,597.00,"5,970.00",2024-04-02
592,HRL,2024040205001253,55,28,10.00,597.50,"5,975.00",2024-04-02
593,HRL,2024040205001254,55,35,10.00,597.70,"5,977.00",2024-04-02
594,HRL,2024040205001255,55,91,10.00,597.70,"5,977.00",2024-04-02
595,HRL,2024040205001260,87,25,90.00,596.50,"53,685.00",2024-04-02
596,HRL,2024040205001263,55,10,20.00,596.40,"11,928.00",2024-04-02
597,HRL,2024040205001265,55,61,10.00,596.40,"5,964.00",2024-04-02
598,HRL,2024040205001267,55,59,20.00,596.40,"11,928.00",2024-04-02
599,HRL,2024040205001268,55,45,10.00,596.40,"5,964.00",2024-04-02
600,HRL,2024040205001272,55,49,10.00,596.40,"5,964.00",2024-04-02
601,HRL,2024040205001273,49,25,40.00,596.50,"23,860.00",2024-04-02
602,HRL,2024040205001275,55,19,20.00,596.40,"11,928.00",2024-04-02
603,HRL,2024040205001277,55,8,30.00,596.40,"17,892.00",2024-04-02
604,HRL,2024040205001284,58,58,10.00,596.60,"5,966.00",2024-04-02
605,HRL,2024040205001285,55,58,10.00,596.40,"5,964.00",2024-04-02
606,HRL,2024040205001289,55,48,10.00,596.40,"5,964.00",2024-04-02
607,HRL,2024040205001290,55,7,30.00,596.40,"17,892.00",2024-04-02
608,HRL,2024040205001291,55,56,20.00,596.40,"11,928.00",2024-04-02
609,HRL,2024040205001293,55,41,10.00,596.40,"5,964.00",2024-04-02
610,HRL,2024040205001295,55,52,20.00,596.40,"11,928.00",2024-04-02
611,HRL,2024040205001297,55,49,10.00,596.40,"5,964.00",2024-04-02
612,HRL,2024040205001304,55,45,10.00,596.40,"5,964.00",2024-04-02
613,HRL,2024040205001305,55,52,10.00,596.40,"5,964.00",2024-04-02
614,HRL,2024040205001306,55,46,30.00,596.40,"17,892.00",2024-04-02
615,HRL,2024040205001309,55,55,10.00,596.40,"5,964.00",2024-04-02
616,HRL,2024040205001313,52,58,10.00,596.70,"5,967.00",2024-04-02
617,HRL,2024040205001314,52,58,10.00,596.70,"5,967.00",2024-04-02
618,HRL,2024040205001315,52,49,10.00,597.00,"5,970.00",2024-04-02
619,HRL,2024040205001316,52,34,10.00,597.00,"5,970.00",2024-04-02
620,HRL,2024040205001317,52,56,10.00,597.00,"5,970.00",2024-04-02
621,HRL,2024040205001325,55,52,10.00,596.40,"5,964.00",2024-04-02
622,HRL,2024040205001326,49,38,20.00,596.30,"11,926.00",2024-04-02
623,HRL,2024040205001328,49,51,10.00,596.30,"5,963.00",2024-04-02
624,HRL,2024040205001329,38,49,10.00,596.30,"5,963.00",2024-04-02
625,HRL,2024040205001332,45,58,10.00,596.40,"5,964.00",2024-04-02
626,HRL,2024040205001333,45,49,10.00,596.40,"5,964.00",2024-04-02
627,HRL,2024040205001334,38,8,10.00,596.30,"5,963.00",2024-04-02
628,HRL,2024040205001335,38,52,30.00,596.30,"17,889.00",2024-04-02
629,HRL,2024040205001336,29,52,95.00,596.20,"56,639.00",2024-04-02
630,HRL,2024040205001337,58,52,20.00,596.20,"11,924.00",2024-04-02
631,HRL,2024040205001338,34,52,35.00,596.20,"20,867.00",2024-04-02
632,HRL,2024040205001339,34,52,10.00,596.20,"5,962.00",2024-04-02
633,HRL,2024040205001340,66,21,10.00,596.20,"5,962.00",2024-04-02
634,HRL,2024040205001343,66,1,20.00,596.20,"11,924.00",2024-04-02
635,HRL,2024040205001346,19,4,20.00,596.30,"11,926.00",2024-04-02
636,HRL,2024040205001349,19,52,10.00,596.30,"5,963.00",2024-04-02
637,HRL,2024040205001350,66,34,10.00,596.20,"5,962.00",2024-04-02
638,HRL,2024040205001351,66,58,10.00,596.20,"5,962.00",2024-04-02
639,HRL,2024040205001355,66,57,10.00,596.20,"5,962.00",2024-04-02
640,HRL,2024040205001358,66,83,10.00,596.20,"5,962.00",2024-04-02
641,HRL,2024040205001359,66,49,10.00,596.20,"5,962.00",2024-04-02
642,HRL,2024040205001361,49,57,20.00,596.30,"11,926.00",2024-04-02
643,HRL,2024040205001363,49,42,30.00,596.30,"17,889.00",2024-04-02
644,HRL,2024040205001367,49,4,20.00,596.30,"11,926.00",2024-04-02
645,HRL,2024040205001371,49,38,10.00,596.30,"5,963.00",2024-04-02
646,HRL,2024040205001375,49,35,10.00,596.30,"5,963.00",2024-04-02
647,HRL,2024040205001377,49,58,10.00,596.30,"5,963.00",2024-04-02
648,HRL,2024040205001383,66,10,30.00,596.20,"17,886.00",2024-04-02
649,HRL,2024040205001385,35,58,10.00,596.30,"5,963.00",2024-04-02
650,HRL,2024040205001386,35,35,10.00,596.90,"5,969.00",2024-04-02
651,HRL,2024040205001391,34,58,10.00,596.30,"5,963.00",2024-04-02
652,HRL,2024040205001394,34,14,10.00,596.30,"5,963.00",2024-04-02
653,HRL,2024040205001395,34,21,30.00,596.30,"17,889.00",2024-04-02
654,HRL,2024040205001396,34,45,10.00,596.30,"5,963.00",2024-04-02
655,HRL,2024040205001404,41,4,10.00,596.40,"5,964.00",2024-04-02
656,HRL,2024040205001405,41,57,10.00,596.40,"5,964.00",2024-04-02
657,HRL,2024040205001408,41,32,10.00,596.40,"5,964.00",2024-04-02
658,HRL,2024040205001409,41,4,20.00,596.40,"11,928.00",2024-04-02
659,HRL,2024040205001410,41,55,10.00,596.40,"5,964.00",2024-04-02
660,HRL,2024040205001412,41,49,20.00,596.40,"11,928.00",2024-04-02
661,HRL,2024040205001413,41,58,10.00,596.40,"5,964.00",2024-04-02
662,HRL,2024040205001414,41,45,10.00,596.40,"5,964.00",2024-04-02
663,HRL,2024040205001417,43,48,10.00,596.90,"5,969.00",2024-04-02
664,HRL,2024040205001429,43,58,10.00,596.90,"5,969.00",2024-04-02
665,HRL,2024040205001430,32,35,20.00,596.50,"11,930.00",2024-04-02
666,HRL,2024040205001438,32,28,10.00,596.50,"5,965.00",2024-04-02
667,HRL,2024040205001441,32,58,20.00,596.50,"11,930.00",2024-04-02
668,HRL,2024040205001443,32,49,10.00,596.50,"5,965.00",2024-04-02
669,HRL,2024040205001444,32,21,10.00,596.50,"5,965.00",2024-04-02
670,HRL,2024040205001445,32,45,10.00,596.50,"5,965.00",2024-04-02
671,HRL,2024040205001446,32,14,20.00,596.50,"11,930.00",2024-04-02
672,HRL,2024040205001453,32,22,20.00,596.50,"11,930.00",2024-04-02
673,HRL,2024040205001454,32,36,20.00,596.50,"11,930.00",2024-04-02
674,HRL,2024040205001455,32,35,20.00,596.50,"11,930.00",2024-04-02
675,HRL,2024040205001459,32,16,20.00,596.50,"11,930.00",2024-04-02
676,HRL,2024040205001460,32,44,10.00,596.50,"5,965.00",2024-04-02
677,HRL,2024040205001461,32,49,20.00,596.50,"11,930.00",2024-04-02
678,HRL,2024040205001463,8,14,20.00,596.60,"11,932.00",2024-04-02
679,HRL,2024040205001465,8,58,10.00,596.60,"5,966.00",2024-04-02
680,HRL,2024040205001467,38,38,10.00,596.90,"5,969.00",2024-04-02
681,HRL,2024040205001468,8,44,10.00,596.60,"5,966.00",2024-04-02
682,HRL,2024040205001473,8,42,10.00,596.60,"5,966.00",2024-04-02
683,HRL,2024040205001476,43,38,10.00,596.70,"5,967.00",2024-04-02
684,HRL,2024040205001479,43,44,10.00,596.70,"5,967.00",2024-04-02
685,HRL,2024040205001480,43,35,30.00,596.70,"17,901.00",2024-04-02
686,HRL,2024040205001481,8,35,70.00,596.60,"41,762.00",2024-04-02
687,HRL,2024040205001482,32,6,20.00,596.70,"11,934.00",2024-04-02
688,HRL,2024040205001484,8,39,30.00,596.60,"17,898.00",2024-04-02
689,HRL,2024040205001485,56,50,30.00,597.00,"17,910.00",2024-04-02
690,HRL,2024040205001486,56,1,10.00,597.00,"5,970.00",2024-04-02
691,HRL,2024040205001487,56,25,10.00,597.00,"5,970.00",2024-04-02
692,HRL,2024040205001488,56,49,10.00,597.00,"5,970.00",2024-04-02
693,HRL,2024040205001489,56,3,150.00,597.00,"89,550.00",2024-04-02
694,HRL,2024040205001490,56,42,20.00,597.00,"11,940.00",2024-04-02
695,HRL,2024040205001491,56,52,40.00,597.00,"23,880.00",2024-04-02
696,HRL,2024040205001492,56,49,30.00,597.00,"17,910.00",2024-04-02
697,HRL,2024040205001494,8,49,20.00,596.60,"11,932.00",2024-04-02
698,HRL,2024040205001495,8,7,10.00,596.60,"5,966.00",2024-04-02
699,HRL,2024040205001496,14,58,30.00,597.00,"17,910.00",2024-04-02
700,HRL,2024040205001500,8,4,10.00,596.60,"5,966.00",2024-04-02
701,HRL,2024040205001502,8,49,20.00,596.60,"11,932.00",2024-04-02
702,HRL,2024040205001503,8,57,10.00,596.60,"5,966.00",2024-04-02
703,HRL,2024040205001504,19,22,10.00,597.00,"5,970.00",2024-04-02
704,HRL,2024040205001506,8,58,10.00,596.60,"5,966.00",2024-04-02
705,HRL,2024040205001507,8,38,20.00,596.60,"11,932.00",2024-04-02
706,HRL,2024040205001508,49,49,20.00,597.00,"11,940.00",2024-04-02
707,HRL,2024040205001509,49,41,10.00,597.00,"5,970.00",2024-04-02
708,HRL,2024040205001510,16,45,10.00,597.50,"5,975.00",2024-04-02
709,HRL,2024040205001511,49,59,10.00,597.00,"5,970.00",2024-04-02
710,HRL,2024040205001512,49,58,30.00,597.00,"17,910.00",2024-04-02
711,HRL,2024040205001513,49,56,10.00,597.00,"5,970.00",2024-04-02
712,HRL,2024040205001515,49,10,10.00,597.00,"5,970.00",2024-04-02
713,HRL,2024040205001516,38,10,20.00,597.00,"11,940.00",2024-04-02
714,HRL,2024040205001517,38,8,10.00,597.00,"5,970.00",2024-04-02
715,HRL,2024040205001518,38,47,20.00,597.00,"11,940.00",2024-04-02
716,HRL,2024040205001519,32,42,10.00,597.00,"5,970.00",2024-04-02
717,HRL,2024040205001521,32,35,20.00,597.00,"11,940.00",2024-04-02
718,HRL,2024040205001522,32,49,10.00,597.00,"5,970.00",2024-04-02
719,HRL,2024040205001523,32,42,10.00,597.00,"5,970.00",2024-04-02
720,HRL,2024040205001524,32,47,10.00,597.00,"5,970.00",2024-04-02
721,HRL,2024040205001525,32,6,20.00,597.00,"11,940.00",2024-04-02
722,HRL,2024040205001526,32,34,10.00,597.00,"5,970.00",2024-04-02
723,HRL,2024040205001527,32,57,10.00,597.00,"5,970.00",2024-04-02
724,HRL,2024040205001529,32,18,10.00,597.00,"5,970.00",2024-04-02
725,HRL,2024040205001530,32,35,10.00,597.00,"5,970.00",2024-04-02
726,HRL,2024040205001531,25,58,10.00,597.10,"5,971.00",2024-04-02
727,HRL,2024040205001533,25,35,10.00,597.10,"5,971.00",2024-04-02
728,HRL,2024040205001534,25,51,30.00,597.10,"17,913.00",2024-04-02
729,HRL,2024040205001535,25,10,30.00,597.10,"17,913.00",2024-04-02
730,HRL,2024040205001536,25,49,20.00,597.10,"11,942.00",2024-04-02
731,HRL,2024040205001538,25,18,10.00,597.10,"5,971.00",2024-04-02
732,HRL,2024040205001539,25,49,90.00,597.10,"53,739.00",2024-04-02
733,HRL,2024040205001540,53,49,190.00,597.10,"113,449.00",2024-04-02
734,HRL,2024040205001541,53,18,10.00,597.10,"5,971.00",2024-04-02
735,HRL,2024040205001542,53,49,10.00,597.10,"5,971.00",2024-04-02
736,HRL,2024040205001543,53,26,10.00,597.10,"5,971.00",2024-04-02
737,HRL,2024040205001544,53,58,10.00,597.10,"5,971.00",2024-04-02
738,HRL,2024040205001545,53,34,10.00,597.10,"5,971.00",2024-04-02
739,HRL,2024040205001547,53,18,10.00,597.10,"5,971.00",2024-04-02
740,HRL,2024040205001548,32,18,10.00,597.00,"5,970.00",2024-04-02
741,HRL,2024040205001550,45,38,30.00,597.50,"17,925.00",2024-04-02
742,HRL,2024040205001551,45,26,20.00,597.50,"11,950.00",2024-04-02
743,HRL,2024040205001552,45,59,20.00,597.50,"11,950.00",2024-04-02
744,HRL,2024040205001553,32,52,10.00,597.00,"5,970.00",2024-04-02
745,HRL,2024040205001554,55,54,10.00,597.10,"5,971.00",2024-04-02
746,HRL,2024040205001556,58,17,10.00,597.80,"5,978.00",2024-04-02
747,HRL,2024040205001557,58,91,100.00,597.90,"59,790.00",2024-04-02
748,HRL,2024040205001558,58,58,30.00,597.90,"17,937.00",2024-04-02
749,HRL,2024040205001559,58,38,20.00,598.00,"11,960.00",2024-04-02
750,HRL,2024040205001560,58,52,10.00,598.00,"5,980.00",2024-04-02
751,HRL,2024040205001561,58,38,10.00,598.00,"5,980.00",2024-04-02
752,HRL,2024040205001562,58,58,10.00,598.00,"5,980.00",2024-04-02
753,HRL,2024040205001563,58,57,10.00,598.00,"5,980.00",2024-04-02
754,HRL,2024040205001564,58,48,10.00,598.00,"5,980.00",2024-04-02
755,HRL,2024040205001565,58,45,10.00,598.00,"5,980.00",2024-04-02
756,HRL,2024040205001566,58,41,20.00,598.00,"11,960.00",2024-04-02
757,HRL,2024040205001567,58,51,10.00,598.00,"5,980.00",2024-04-02
758,HRL,2024040205001568,58,57,10.00,598.00,"5,980.00",2024-04-02
759,HRL,2024040205001569,58,17,10.00,598.00,"5,980.00",2024-04-02
760,HRL,2024040205001570,58,52,10.00,598.00,"5,980.00",2024-04-02
761,HRL,2024040205001571,58,49,10.00,598.00,"5,980.00",2024-04-02
762,HRL,2024040205001572,58,58,10.00,598.00,"5,980.00",2024-04-02
763,HRL,2024040205001573,58,45,10.00,598.00,"5,980.00",2024-04-02
764,HRL,2024040205001574,58,58,20.00,598.00,"11,960.00",2024-04-02
765,HRL,2024040205001575,58,35,10.00,598.00,"5,980.00",2024-04-02
766,HRL,2024040205001576,58,51,20.00,598.00,"11,960.00",2024-04-02
767,HRL,2024040205001577,58,37,30.00,598.00,"17,940.00",2024-04-02
768,HRL,2024040205001578,58,48,10.00,598.00,"5,980.00",2024-04-02
769,HRL,2024040205001579,58,56,30.00,598.00,"17,940.00",2024-04-02
770,HRL,2024040205001580,58,58,20.00,598.00,"11,960.00",2024-04-02
771,HRL,2024040205001581,58,4,30.00,598.00,"17,940.00",2024-04-02
772,HRL,2024040205001582,58,57,10.00,598.00,"5,980.00",2024-04-02
773,HRL,2024040205001585,58,18,10.00,598.00,"5,980.00",2024-04-02
774,HRL,2024040205001589,55,35,10.00,597.10,"5,971.00",2024-04-02
775,HRL,2024040205001591,32,52,10.00,597.00,"5,970.00",2024-04-02
776,HRL,2024040205001592,32,26,10.00,597.00,"5,970.00",2024-04-02
777,HRL,2024040205001593,32,76,10.00,597.00,"5,970.00",2024-04-02
778,HRL,2024040205001595,32,45,10.00,597.00,"5,970.00",2024-04-02
779,HRL,2024040205001598,45,8,10.00,597.00,"5,970.00",2024-04-02
780,HRL,2024040205001601,45,3,10.00,597.00,"5,970.00",2024-04-02
781,HRL,2024040205001602,45,49,20.00,597.00,"11,940.00",2024-04-02
782,HRL,2024040205001606,45,35,10.00,597.00,"5,970.00",2024-04-02
783,HRL,2024040205001609,45,68,10.00,597.00,"5,970.00",2024-04-02
784,HRL,2024040205001611,45,10,20.00,597.00,"11,940.00",2024-04-02
785,HRL,2024040205001614,45,18,10.00,597.00,"5,970.00",2024-04-02
786,HRL,2024040205001615,45,49,10.00,597.00,"5,970.00",2024-04-02
787,HRL,2024040205001616,45,49,10.00,597.00,"5,970.00",2024-04-02
788,HRL,2024040205001618,45,18,10.00,597.00,"5,970.00",2024-04-02
789,HRL,2024040205001619,34,25,10.00,597.10,"5,971.00",2024-04-02
790,HRL,2024040205001620,34,58,10.00,597.10,"5,971.00",2024-04-02
791,HRL,2024040205001621,34,58,10.00,597.10,"5,971.00",2024-04-02
792,HRL,2024040205001625,45,35,10.00,597.00,"5,970.00",2024-04-02
793,HRL,2024040205001626,45,18,10.00,597.00,"5,970.00",2024-04-02
794,HRL,2024040205001627,45,16,20.00,597.00,"11,940.00",2024-04-02
795,HRL,2024040205001628,34,26,10.00,597.10,"5,971.00",2024-04-02
796,HRL,2024040205001629,34,18,10.00,597.10,"5,971.00",2024-04-02
797,HRL,2024040205001631,51,58,10.00,598.00,"5,980.00",2024-04-02
798,HRL,2024040205001638,34,52,40.00,597.10,"23,884.00",2024-04-02
799,HRL,2024040205001640,34,18,10.00,597.10,"5,971.00",2024-04-02
800,HRL,2024040205001642,34,26,20.00,597.10,"11,942.00",2024-04-02
801,HRL,2024040205001645,34,26,10.00,597.10,"5,971.00",2024-04-02
802,HRL,2024040205001650,34,52,10.00,597.10,"5,971.00",2024-04-02
803,HRL,2024040205001651,34,34,10.00,597.10,"5,971.00",2024-04-02
804,HRL,2024040205001652,34,58,20.00,597.10,"11,942.00",2024-04-02
805,HRL,2024040205001656,34,58,10.00,597.10,"5,971.00",2024-04-02
806,HRL,2024040205001658,1,13,50.00,597.10,"29,855.00",2024-04-02
807,HRL,2024040205001660,1,57,10.00,597.10,"5,971.00",2024-04-02
808,HRL,2024040205001661,34,38,10.00,598.00,"5,980.00",2024-04-02
809,HRL,2024040205001664,34,34,10.00,598.00,"5,980.00",2024-04-02
810,HRL,2024040205001665,1,38,10.00,597.10,"5,971.00",2024-04-02
811,HRL,2024040205001666,1,58,10.00,597.10,"5,971.00",2024-04-02
812,HRL,2024040205001668,16,38,10.00,598.00,"5,980.00",2024-04-02
813,HRL,2024040205001669,16,52,10.00,598.00,"5,980.00",2024-04-02
814,HRL,2024040205001673,34,48,10.00,598.00,"5,980.00",2024-04-02
815,HRL,2024040205001674,1,26,10.00,597.10,"5,971.00",2024-04-02
816,HRL,2024040205001677,1,44,310.00,597.10,"185,101.00",2024-04-02
817,HRL,2024040205001678,70,44,50.00,597.00,"29,850.00",2024-04-02
818,HRL,2024040205001679,4,44,50.00,597.00,"29,850.00",2024-04-02
819,HRL,2024040205001680,32,44,10.00,597.00,"5,970.00",2024-04-02
820,HRL,2024040205001689,58,49,20.00,597.20,"11,944.00",2024-04-02
821,HRL,2024040205001690,32,49,10.00,597.00,"5,970.00",2024-04-02
822,HRL,2024040205001691,32,16,20.00,597.00,"11,940.00",2024-04-02
823,HRL,2024040205001692,32,28,10.00,597.00,"5,970.00",2024-04-02
824,HRL,2024040205001693,32,35,10.00,597.00,"5,970.00",2024-04-02
825,HRL,2024040205001694,22,47,10.00,597.20,"5,972.00",2024-04-02
826,HRL,2024040205001695,22,45,10.00,598.30,"5,983.00",2024-04-02
827,HRL,2024040205001696,22,49,10.00,598.50,"5,985.00",2024-04-02
828,HRL,2024040205001697,22,51,10.00,598.50,"5,985.00",2024-04-02
829,HRL,2024040205001698,22,37,75.00,598.60,"44,895.00",2024-04-02
830,HRL,2024040205001699,22,4,10.00,598.70,"5,987.00",2024-04-02
831,HRL,2024040205001700,22,58,10.00,598.70,"5,987.00",2024-04-02
832,HRL,2024040205001701,22,42,20.00,598.70,"11,974.00",2024-04-02
833,HRL,2024040205001702,22,58,10.00,598.70,"5,987.00",2024-04-02
834,HRL,2024040205001703,22,34,10.00,598.80,"5,988.00",2024-04-02
835,HRL,2024040205001704,22,62,10.00,598.80,"5,988.00",2024-04-02
836,HRL,2024040205001705,22,6,15.00,598.80,"8,982.00",2024-04-02
837,HRL,2024040205001708,34,58,10.00,598.00,"5,980.00",2024-04-02
838,HRL,2024040205001709,34,52,10.00,598.00,"5,980.00",2024-04-02
839,HRL,2024040205001713,34,41,20.00,598.00,"11,960.00",2024-04-02
840,HRL,2024040205001714,34,26,10.00,598.00,"5,980.00",2024-04-02
841,HRL,2024040205001717,38,57,10.00,598.00,"5,980.00",2024-04-02
842,HRL,2024040205001719,58,1,10.00,598.30,"5,983.00",2024-04-02
843,HRL,2024040205001720,32,1,10.00,597.00,"5,970.00",2024-04-02
844,HRL,2024040205001723,32,17,40.00,597.00,"23,880.00",2024-04-02
845,HRL,2024040205001724,32,52,10.00,597.00,"5,970.00",2024-04-02
846,HRL,2024040205001729,34,26,10.00,597.20,"5,972.00",2024-04-02
847,HRL,2024040205001730,34,52,10.00,597.20,"5,972.00",2024-04-02
848,HRL,2024040205001742,43,45,10.00,597.10,"5,971.00",2024-04-02
849,HRL,2024040205001743,45,38,20.00,597.20,"11,944.00",2024-04-02
850,HRL,2024040205001744,45,13,10.00,597.90,"5,979.00",2024-04-02
851,HRL,2024040205001745,45,44,20.00,598.00,"11,960.00",2024-04-02
852,HRL,2024040205001748,43,52,10.00,597.10,"5,971.00",2024-04-02
853,HRL,2024040205001749,43,57,10.00,597.10,"5,971.00",2024-04-02
854,HRL,2024040205001751,43,38,10.00,597.10,"5,971.00",2024-04-02
855,HRL,2024040205001755,43,38,20.00,597.10,"11,942.00",2024-04-02
856,HRL,2024040205001760,58,35,10.00,597.20,"5,972.00",2024-04-02
857,HRL,2024040205001762,16,44,100.00,598.00,"59,800.00",2024-04-02
858,HRL,2024040205001763,58,49,10.00,597.20,"5,972.00",2024-04-02
859,HRL,2024040205001764,58,49,20.00,597.20,"11,944.00",2024-04-02
860,HRL,2024040205001765,43,38,10.00,597.10,"5,971.00",2024-04-02
861,HRL,2024040205001766,43,26,20.00,597.10,"11,942.00",2024-04-02
862,HRL,2024040205001767,43,51,10.00,597.10,"5,971.00",2024-04-02
863,HRL,2024040205001769,32,35,10.00,597.00,"5,970.00",2024-04-02
864,HRL,2024040205001774,33,44,10.00,598.00,"5,980.00",2024-04-02
865,HRL,2024040205001776,42,26,10.00,597.10,"5,971.00",2024-04-02
866,HRL,2024040205001782,42,41,10.00,597.10,"5,971.00",2024-04-02
867,HRL,2024040205001784,42,58,20.00,597.10,"11,942.00",2024-04-02
868,HRL,2024040205001785,66,44,370.00,598.00,"221,260.00",2024-04-02
869,HRL,2024040205001786,66,6,10.00,598.00,"5,980.00",2024-04-02
870,HRL,2024040205001787,66,6,10.00,598.00,"5,980.00",2024-04-02
871,HRL,2024040205001788,66,58,10.00,598.00,"5,980.00",2024-04-02
872,HRL,2024040205001789,66,19,10.00,598.00,"5,980.00",2024-04-02
873,HRL,2024040205001790,42,58,10.00,597.10,"5,971.00",2024-04-02
874,HRL,2024040205001792,42,57,30.00,597.10,"17,913.00",2024-04-02
875,HRL,2024040205001793,42,63,10.00,597.10,"5,971.00",2024-04-02
876,HRL,2024040205001801,5,29,20.00,597.20,"11,944.00",2024-04-02
877,HRL,2024040205001803,5,26,10.00,597.20,"5,972.00",2024-04-02
878,HRL,2024040205001804,5,19,10.00,597.20,"5,972.00",2024-04-02
879,HRL,2024040205001805,42,45,30.00,598.00,"17,940.00",2024-04-02
880,HRL,2024040205001808,44,49,10.00,598.00,"5,980.00",2024-04-02
881,HRL,2024040205001811,5,55,10.00,597.20,"5,972.00",2024-04-02
882,HRL,2024040205001815,5,21,10.00,597.20,"5,972.00",2024-04-02
883,HRL,2024040205001818,5,6,140.00,597.20,"83,608.00",2024-04-02
884,HRL,2024040205001819,42,6,20.00,597.20,"11,944.00",2024-04-02
885,HRL,2024040205001820,42,6,20.00,597.10,"11,942.00",2024-04-02
886,HRL,2024040205001821,1,58,20.00,598.00,"11,960.00",2024-04-02
887,HRL,2024040205001822,1,58,10.00,598.00,"5,980.00",2024-04-02
888,HRL,2024040205001824,41,29,20.00,598.00,"11,960.00",2024-04-02
889,HRL,2024040205001830,42,35,20.00,597.10,"11,942.00",2024-04-02
890,HRL,2024040205001832,39,55,30.00,597.10,"17,913.00",2024-04-02
891,HRL,2024040205001833,39,14,20.00,597.10,"11,942.00",2024-04-02
892,HRL,2024040205001834,39,57,40.00,597.10,"23,884.00",2024-04-02
893,HRL,2024040205001843,42,40,10.00,597.10,"5,971.00",2024-04-02
894,HRL,2024040205001845,42,58,10.00,597.10,"5,971.00",2024-04-02
895,HRL,2024040205001846,42,21,10.00,597.10,"5,971.00",2024-04-02
896,HRL,2024040205001853,42,21,20.00,597.10,"11,942.00",2024-04-02
897,HRL,2024040205001854,11,21,30.00,597.10,"17,913.00",2024-04-02
898,HRL,2024040205001855,42,21,10.00,597.10,"5,971.00",2024-04-02
899,HRL,2024040205001856,13,21,46.00,597.10,"27,466.60",2024-04-02
900,HRL,2024040205001857,32,21,20.00,597.00,"11,940.00",2024-04-02
901,HRL,2024040205001858,1,21,20.00,597.00,"11,940.00",2024-04-02
902,HRL,2024040205001859,58,21,54.00,597.00,"32,238.00",2024-04-02
903,HRL,2024040205001863,58,39,13.00,597.00,"7,761.00",2024-04-02
904,HRL,2024040205001864,32,39,17.00,597.00,"10,149.00",2024-04-02
905,HRL,2024040205001865,32,38,10.00,597.00,"5,970.00",2024-04-02
906,HRL,2024040205001866,32,16,10.00,597.00,"5,970.00",2024-04-02
907,HRL,2024040205001871,34,21,10.00,597.10,"5,971.00",2024-04-02
908,HRL,2024040205001872,22,58,10.00,597.50,"5,975.00",2024-04-02
909,HRL,2024040205001873,22,17,130.00,598.00,"77,740.00",2024-04-02
910,HRL,2024040205001874,22,22,10.00,598.00,"5,980.00",2024-04-02
911,HRL,2024040205001875,22,38,10.00,598.00,"5,980.00",2024-04-02
912,HRL,2024040205001876,22,57,10.00,598.00,"5,980.00",2024-04-02
913,HRL,2024040205001879,22,21,10.00,598.00,"5,980.00",2024-04-02
914,HRL,2024040205001880,22,38,10.00,598.00,"5,980.00",2024-04-02
915,HRL,2024040205001882,22,21,10.00,598.00,"5,980.00",2024-04-02
916,HRL,2024040205001883,34,22,10.00,597.10,"5,971.00",2024-04-02
917,HRL,2024040205001892,34,7,10.00,597.10,"5,971.00",2024-04-02
918,HRL,2024040205001895,34,29,20.00,597.10,"11,942.00",2024-04-02
919,HRL,2024040205001901,38,29,10.00,597.10,"5,971.00",2024-04-02
920,HRL,2024040205001905,51,58,10.00,598.00,"5,980.00",2024-04-02
921,HRL,2024040205001909,32,21,13.00,597.00,"7,761.00",2024-04-02
922,HRL,2024040205001910,39,21,27.00,597.00,"16,119.00",2024-04-02
923,HRL,2024040205001911,39,36,20.00,597.00,"11,940.00",2024-04-02
924,HRL,2024040205001913,39,55,10.00,597.00,"5,970.00",2024-04-02
925,HRL,2024040205001914,39,21,30.00,597.00,"17,910.00",2024-04-02
926,HRL,2024040205001915,39,21,13.00,597.00,"7,761.00",2024-04-02
927,HRL,2024040205001916,47,21,17.00,597.00,"10,149.00",2024-04-02
928,HRL,2024040205001920,47,57,10.00,597.00,"5,970.00",2024-04-02
929,HRL,2024040205001924,47,44,20.00,597.00,"11,940.00",2024-04-02
930,HRL,2024040205001925,47,47,30.00,597.00,"17,910.00",2024-04-02
931,HRL,2024040205001929,47,57,10.00,597.00,"5,970.00",2024-04-02
932,HRL,2024040205001930,47,54,13.00,597.00,"7,761.00",2024-04-02
933,HRL,2024040205001931,45,54,17.00,597.00,"10,149.00",2024-04-02
934,HRL,2024040205001932,45,21,30.00,597.00,"17,910.00",2024-04-02
935,HRL,2024040205001934,45,41,10.00,597.00,"5,970.00",2024-04-02
936,HRL,2024040205001936,45,1,20.00,597.00,"11,940.00",2024-04-02
937,HRL,2024040205001941,45,58,10.00,597.00,"5,970.00",2024-04-02
938,HRL,2024040205001942,45,59,20.00,597.00,"11,940.00",2024-04-02
939,HRL,2024040205001948,34,46,10.00,597.10,"5,971.00",2024-04-02
940,HRL,2024040205001950,34,53,20.00,597.10,"11,942.00",2024-04-02
941,HRL,2024040205001961,34,42,20.00,597.10,"11,942.00",2024-04-02
942,HRL,2024040205001962,57,42,200.00,597.10,"119,420.00",2024-04-02
943,HRL,2024040205001963,45,42,245.00,597.00,"146,265.00",2024-04-02
944,HRL,2024040205001965,8,38,20.00,597.00,"11,940.00",2024-04-02
945,HRL,2024040205001966,8,58,10.00,597.00,"5,970.00",2024-04-02
946,HRL,2024040205001969,8,59,10.00,597.00,"5,970.00",2024-04-02
947,HRL,2024040205001971,8,46,50.00,597.00,"29,850.00",2024-04-02
948,HRL,2024040205001972,26,46,100.00,597.00,"59,700.00",2024-04-02
949,HRL,2024040205001973,34,46,110.00,597.00,"65,670.00",2024-04-02
950,HRL,2024040205001974,41,46,35.00,597.00,"20,895.00",2024-04-02
951,HRL,2024040205001975,35,46,30.00,597.00,"17,910.00",2024-04-02
952,HRL,2024040205001976,29,46,175.00,597.00,"104,475.00",2024-04-02
953,HRL,2024040205001979,29,39,10.00,597.00,"5,970.00",2024-04-02
954,HRL,2024040205001981,29,38,20.00,597.00,"11,940.00",2024-04-02
955,HRL,2024040205001984,29,52,10.00,597.00,"5,970.00",2024-04-02
956,HRL,2024040205001985,29,42,10.00,597.00,"5,970.00",2024-04-02
957,HRL,2024040205001986,26,52,20.00,598.00,"11,960.00",2024-04-02
958,HRL,2024040205001987,26,34,10.00,598.00,"5,980.00",2024-04-02
959,HRL,2024040205001988,26,52,10.00,598.00,"5,980.00",2024-04-02
960,HRL,2024040205001989,26,34,10.00,598.00,"5,980.00",2024-04-02
961,HRL,2024040205001990,29,38,10.00,597.00,"5,970.00",2024-04-02
962,HRL,2024040205001992,41,52,10.00,598.00,"5,980.00",2024-04-02
963,HRL,2024040205001993,41,37,20.00,598.00,"11,960.00",2024-04-02
964,HRL,2024040205001994,11,57,10.00,597.10,"5,971.00",2024-04-02
965,HRL,2024040205001996,29,49,20.00,597.00,"11,940.00",2024-04-02
966,HRL,2024040205001998,28,58,10.00,597.10,"5,971.00",2024-04-02
967,HRL,2024040205002000,28,36,10.00,597.10,"5,971.00",2024-04-02
968,HRL,2024040205002001,29,36,10.00,597.00,"5,970.00",2024-04-02
969,HRL,2024040205002002,29,22,20.00,597.00,"11,940.00",2024-04-02
970,HRL,2024040205002008,29,58,10.00,597.00,"5,970.00",2024-04-02
971,HRL,2024040205002010,69,16,20.00,597.00,"11,940.00",2024-04-02
972,HRL,2024040205002011,32,21,30.00,597.00,"17,910.00",2024-04-02
973,HRL,2024040205002014,32,52,10.00,597.00,"5,970.00",2024-04-02
974,HRL,2024040205002015,32,55,10.00,597.00,"5,970.00",2024-04-02
975,HRL,2024040205002016,34,25,10.00,597.90,"5,979.00",2024-04-02
976,HRL,2024040205002017,34,37,80.00,598.00,"47,840.00",2024-04-02
977,HRL,2024040205002018,34,45,30.00,598.00,"17,940.00",2024-04-02
978,HRL,2024040205002019,34,58,10.00,598.00,"5,980.00",2024-04-02
979,HRL,2024040205002020,34,35,10.00,598.00,"5,980.00",2024-04-02
980,HRL,2024040205002021,34,49,10.00,598.00,"5,980.00",2024-04-02
981,HRL,2024040205002022,34,8,30.00,598.60,"17,958.00",2024-04-02
982,HRL,2024040205002023,34,52,30.00,598.80,"17,964.00",2024-04-02
983,HRL,2024040205002024,34,37,100.00,598.90,"59,890.00",2024-04-02
984,HRL,2024040205002025,34,91,190.00,598.90,"113,791.00",2024-04-02
985,HRL,2024040205002050,32,49,10.00,597.00,"5,970.00",2024-04-02
986,HRL,2024040205002060,32,49,20.00,597.00,"11,940.00",2024-04-02
987,HRL,2024040205002061,32,58,10.00,597.00,"5,970.00",2024-04-02
988,HRL,2024040205002067,32,16,10.00,597.00,"5,970.00",2024-04-02
989,HRL,2024040205002068,33,16,10.00,597.00,"5,970.00",2024-04-02
990,HRL,2024040205002072,33,52,30.00,597.00,"17,910.00",2024-04-02
991,HRL,2024040205002074,33,49,10.00,597.00,"5,970.00",2024-04-02
992,HRL,2024040205002082,52,94,10.00,597.00,"5,970.00",2024-04-02
993,HRL,2024040205002083,52,35,10.00,597.00,"5,970.00",2024-04-02
994,HRL,2024040205002084,52,1,10.00,597.00,"5,970.00",2024-04-02
995,HRL,2024040205002087,52,6,30.00,597.00,"17,910.00",2024-04-02
996,HRL,2024040205002088,36,52,10.00,598.00,"5,980.00",2024-04-02
997,HRL,2024040205002089,36,21,10.00,598.00,"5,980.00",2024-04-02
998,HRL,2024040205002090,36,58,80.00,598.00,"47,840.00",2024-04-02
999,HRL,2024040205002091,52,58,10.00,597.00,"5,970.00",2024-04-02
1000,HRL,2024040205002093,52,19,10.00,597.00,"5,970.00",2024-04-02
1001,HRL,2024040205002096,22,59,10.00,597.00,"5,970.00",2024-04-02
1002,HRL,2024040205002097,22,42,10.00,597.00,"5,970.00",2024-04-02
1003,HRL,2024040205002099,22,8,10.00,597.00,"5,970.00",2024-04-02
1004,HRL,2024040205002103,22,37,20.00,597.00,"11,940.00",2024-04-02
1005,HRL,2024040205002104,34,37,15.00,597.00,"8,955.00",2024-04-02
1006,HRL,2024040205002106,3,29,10.00,596.80,"5,968.00",2024-04-02
1007,HRL,2024040205002109,3,58,20.00,596.80,"11,936.00",2024-04-02
1008,HRL,2024040205002110,3,58,20.00,596.80,"11,936.00",2024-04-02
1009,HRL,2024040205002114,3,58,10.00,596.80,"5,968.00",2024-04-02
1010,HRL,2024040205002115,3,66,10.00,596.80,"5,968.00",2024-04-02
1011,HRL,2024040205002120,3,75,10.00,596.80,"5,968.00",2024-04-02
1012,HRL,2024040205002121,7,57,10.00,596.80,"5,968.00",2024-04-02
1013,HRL,2024040205002122,7,18,20.00,596.80,"11,936.00",2024-04-02
1014,HRL,2024040205002124,16,37,15.00,597.00,"8,955.00",2024-04-02
1015,HRL,2024040205002126,57,58,10.00,596.80,"5,968.00",2024-04-02
1016,HRL,2024040205002127,57,49,10.00,596.80,"5,968.00",2024-04-02
1017,HRL,2024040205002128,14,51,10.00,597.00,"5,970.00",2024-04-02
1018,HRL,2024040205002129,14,56,40.00,597.00,"23,880.00",2024-04-02
1019,HRL,2024040205002131,57,45,10.00,596.80,"5,968.00",2024-04-02
1020,HRL,2024040205002142,57,43,30.00,596.80,"17,904.00",2024-04-02
1021,HRL,2024040205002143,57,25,140.00,596.80,"83,552.00",2024-04-02
1022,HRL,2024040205002144,32,25,50.00,596.80,"29,840.00",2024-04-02
1023,HRL,2024040205002145,32,25,10.00,596.70,"5,967.00",2024-04-02
1024,HRL,2024040205002148,36,49,20.00,596.80,"11,936.00",2024-04-02
1025,HRL,2024040205002149,32,45,20.00,596.70,"11,934.00",2024-04-02
1026,HRL,2024040205002150,51,43,20.00,596.70,"11,934.00",2024-04-02
1027,HRL,2024040205002153,51,7,30.00,596.70,"17,901.00",2024-04-02
1028,HRL,2024040205002154,51,21,10.00,596.70,"5,967.00",2024-04-02
1029,HRL,2024040205002162,51,43,20.00,596.70,"11,934.00",2024-04-02
1030,HRL,2024040205002163,51,38,10.00,596.70,"5,967.00",2024-04-02
1031,HRL,2024040205002164,51,37,10.00,596.70,"5,967.00",2024-04-02
1032,HRL,2024040205002165,38,37,100.00,596.70,"59,670.00",2024-04-02
1033,HRL,2024040205002166,8,37,70.00,596.60,"41,762.00",2024-04-02
1034,HRL,2024040205002167,45,37,40.00,596.60,"23,864.00",2024-04-02
1035,HRL,2024040205002168,5,37,90.00,596.60,"53,694.00",2024-04-02
1036,HRL,2024040205002169,1,37,150.00,596.60,"89,490.00",2024-04-02
1037,HRL,2024040205002170,32,37,40.00,596.50,"23,860.00",2024-04-02
1038,HRL,2024040205002171,34,58,100.00,596.70,"59,670.00",2024-04-02
1039,HRL,2024040205002177,32,41,20.00,596.50,"11,930.00",2024-04-02
1040,HRL,2024040205002178,32,58,230.00,596.50,"137,195.00",2024-04-02
1041,HRL,2024040205002179,34,58,50.00,596.50,"29,825.00",2024-04-02
1042,HRL,2024040205002180,34,58,50.00,596.50,"29,825.00",2024-04-02
1043,HRL,2024040205002181,13,58,50.00,596.50,"29,825.00",2024-04-02
1044,HRL,2024040205002182,32,58,212.00,596.50,"126,458.00",2024-04-02
1045,HRL,2024040205002183,71,58,228.00,596.50,"136,002.00",2024-04-02
1046,HRL,2024040205002184,71,58,10.00,596.50,"5,965.00",2024-04-02
1047,HRL,2024040205002185,71,43,20.00,596.50,"11,930.00",2024-04-02
1048,HRL,2024040205002186,71,43,20.00,596.50,"11,930.00",2024-04-02
1049,HRL,2024040205002190,71,52,10.00,596.50,"5,965.00",2024-04-02
1050,HRL,2024040205002191,71,49,10.00,596.50,"5,965.00",2024-04-02
1051,HRL,2024040205002194,71,81,202.00,596.50,"120,493.00",2024-04-02
1052,HRL,2024040205002195,34,81,40.00,596.30,"23,852.00",2024-04-02
1053,HRL,2024040205002196,37,81,200.00,596.30,"119,260.00",2024-04-02
1054,HRL,2024040205002197,66,81,190.00,596.20,"113,278.00",2024-04-02
1055,HRL,2024040205002198,37,81,200.00,596.20,"119,240.00",2024-04-02
1056,HRL,2024040205002199,32,81,56.00,596.10,"33,381.60",2024-04-02
1057,HRL,2024040205002200,66,81,612.00,596.10,"364,813.20",2024-04-02
1058,HRL,2024040205002202,66,10,10.00,596.10,"5,961.00",2024-04-02
1059,HRL,2024040205002209,16,49,15.00,596.50,"8,947.50",2024-04-02
1060,HRL,2024040205002211,19,43,20.00,596.20,"11,924.00",2024-04-02
1061,HRL,2024040205002214,29,59,10.00,596.50,"5,965.00",2024-04-02
1062,HRL,2024040205002215,29,44,20.00,596.50,"11,930.00",2024-04-02
1063,HRL,2024040205002216,19,44,10.00,596.20,"5,962.00",2024-04-02
1064,HRL,2024040205002217,66,44,10.00,596.10,"5,961.00",2024-04-02
1065,HRL,2024040205002218,66,10,10.00,596.10,"5,961.00",2024-04-02
1066,HRL,2024040205002222,7,34,20.00,596.20,"11,924.00",2024-04-02
1067,HRL,2024040205002224,66,28,20.00,596.10,"11,922.00",2024-04-02
1068,HRL,2024040205002225,66,4,10.00,596.10,"5,961.00",2024-04-02
1069,HRL,2024040205002226,66,38,10.00,596.10,"5,961.00",2024-04-02
1070,HRL,2024040205002227,66,49,18.00,596.10,"10,729.80",2024-04-02
1071,HRL,2024040205002229,57,45,20.00,596.10,"11,922.00",2024-04-02
1072,HRL,2024040205002230,7,21,20.00,596.20,"11,924.00",2024-04-02
1073,HRL,2024040205002231,7,49,20.00,596.20,"11,924.00",2024-04-02
1074,HRL,2024040205002233,7,58,10.00,596.20,"5,962.00",2024-04-02
1075,HRL,2024040205002234,7,58,10.00,596.10,"5,961.00",2024-04-02
1076,HRL,2024040205002241,7,49,10.00,596.10,"5,961.00",2024-04-02
1077,HRL,2024040205002242,7,16,10.00,596.10,"5,961.00",2024-04-02
1078,HRL,2024040205002244,7,10,10.00,596.10,"5,961.00",2024-04-02
1079,HRL,2024040205002246,7,38,20.00,596.10,"11,922.00",2024-04-02
1080,HRL,2024040205002251,11,58,10.00,596.50,"5,965.00",2024-04-02
1081,HRL,2024040205002252,11,46,10.00,596.50,"5,965.00",2024-04-02
1082,HRL,2024040205002254,11,35,20.00,596.50,"11,930.00",2024-04-02
1083,HRL,2024040205002255,11,10,10.00,596.50,"5,965.00",2024-04-02
1084,HRL,2024040205002256,11,66,20.00,596.50,"11,930.00",2024-04-02
1085,HRL,2024040205002258,11,51,50.00,596.50,"29,825.00",2024-04-02
1086,HRL,2024040205002260,11,56,20.00,596.50,"11,930.00",2024-04-02
1087,HRL,2024040205002261,21,42,10.00,596.20,"5,962.00",2024-04-02
1088,HRL,2024040205002267,21,58,20.00,596.20,"11,924.00",2024-04-02
1089,HRL,2024040205002269,45,56,10.00,596.50,"5,965.00",2024-04-02
1090,HRL,2024040205002270,45,56,20.00,596.60,"11,932.00",2024-04-02
1091,HRL,2024040205002271,45,52,30.00,596.70,"17,901.00",2024-04-02
1092,HRL,2024040205002272,45,56,10.00,596.80,"5,968.00",2024-04-02
1093,HRL,2024040205002273,45,56,130.00,597.00,"77,610.00",2024-04-02
1094,HRL,2024040205002274,21,58,10.00,596.20,"5,962.00",2024-04-02
1095,HRL,2024040205002276,21,49,10.00,596.20,"5,962.00",2024-04-02
1096,HRL,2024040205002277,7,49,10.00,596.10,"5,961.00",2024-04-02
1097,HRL,2024040205002278,7,56,30.00,596.10,"17,883.00",2024-04-02
1098,HRL,2024040205002285,14,44,10.00,596.10,"5,961.00",2024-04-02
1099,HRL,2024040205002288,14,10,10.00,596.10,"5,961.00",2024-04-02
1100,HRL,2024040205002289,14,58,10.00,596.10,"5,961.00",2024-04-02
1101,HRL,2024040205002290,14,58,180.00,596.10,"107,298.00",2024-04-02
1102,HRL,2024040205002292,14,38,10.00,596.10,"5,961.00",2024-04-02
1103,HRL,2024040205002293,14,58,180.00,596.10,"107,298.00",2024-04-02
1104,HRL,2024040205002294,42,58,15.00,596.10,"8,941.50",2024-04-02
1105,HRL,2024040205002296,17,58,20.00,596.20,"11,924.00",2024-04-02
1106,HRL,2024040205002297,17,49,10.00,596.20,"5,962.00",2024-04-02
1107,HRL,2024040205002300,17,35,10.00,596.20,"5,962.00",2024-04-02
1108,HRL,2024040205002306,17,91,10.00,596.20,"5,962.00",2024-04-02
1109,HRL,2024040205002307,58,35,10.00,596.10,"5,961.00",2024-04-02
1110,HRL,2024040205002314,58,17,20.00,596.10,"11,922.00",2024-04-02
1111,HRL,2024040205002315,58,49,20.00,596.10,"11,922.00",2024-04-02
1112,HRL,2024040205002318,52,48,30.00,596.30,"17,889.00",2024-04-02
1113,HRL,2024040205002319,58,55,40.00,596.10,"23,844.00",2024-04-02
1114,HRL,2024040205002322,58,49,10.00,596.10,"5,961.00",2024-04-02
1115,HRL,2024040205002329,58,38,20.00,596.10,"11,922.00",2024-04-02
1116,HRL,2024040205002330,45,58,10.00,596.20,"5,962.00",2024-04-02
1117,HRL,2024040205002331,45,58,10.00,596.20,"5,962.00",2024-04-02
1118,HRL,2024040205002332,45,49,20.00,596.20,"11,924.00",2024-04-02
1119,HRL,2024040205002333,45,58,10.00,596.20,"5,962.00",2024-04-02
1120,HRL,2024040205002334,45,25,10.00,596.20,"5,962.00",2024-04-02
1121,HRL,2024040205002335,22,59,25.00,596.90,"14,922.50",2024-04-02
1122,HRL,2024040205002336,45,57,40.00,596.20,"23,848.00",2024-04-02
1123,HRL,2024040205002337,10,57,30.00,596.20,"17,886.00",2024-04-02
1124,HRL,2024040205002338,58,57,30.00,596.10,"17,883.00",2024-04-02
1125,HRL,2024040205002339,36,57,30.00,596.10,"17,883.00",2024-04-02
1126,HRL,2024040205002340,58,57,20.00,596.10,"11,922.00",2024-04-02
1127,HRL,2024040205002341,13,57,30.00,596.10,"17,883.00",2024-04-02
1128,HRL,2024040205002343,42,6,10.00,596.00,"5,960.00",2024-04-02
1129,HRL,2024040205002372,42,19,10.00,596.00,"5,960.00",2024-04-02
1130,HRL,2024040205002379,42,6,10.00,596.00,"5,960.00",2024-04-02
1131,HRL,2024040205002380,42,32,170.00,596.00,"101,320.00",2024-04-02
1132,HRL,2024040205002381,43,32,30.00,596.00,"17,880.00",2024-04-02
1133,HRL,2024040205002382,36,13,20.00,596.00,"11,920.00",2024-04-02
1134,HRL,2024040205002383,36,57,10.00,596.00,"5,960.00",2024-04-02
1135,HRL,2024040205002384,72,49,20.00,596.10,"11,922.00",2024-04-02
1136,HRL,2024040205002385,72,62,20.00,596.10,"11,922.00",2024-04-02
1137,HRL,2024040205002386,72,58,10.00,596.10,"5,961.00",2024-04-02
1138,HRL,2024040205002387,52,52,10.00,596.20,"5,962.00",2024-04-02
1139,HRL,2024040205002389,25,49,10.00,596.80,"5,968.00",2024-04-02
1140,HRL,2024040205002390,25,59,75.00,596.90,"44,767.50",2024-04-02
1141,HRL,2024040205002391,25,56,85.00,597.00,"50,745.00",2024-04-02
1142,HRL,2024040205002393,52,58,40.00,596.20,"23,848.00",2024-04-02
1143,HRL,2024040205002394,52,19,50.00,596.20,"29,810.00",2024-04-02
1144,HRL,2024040205002395,34,19,10.00,596.20,"5,962.00",2024-04-02
1145,HRL,2024040205002396,34,19,25.00,596.20,"14,905.00",2024-04-02
1146,HRL,2024040205002397,72,19,50.00,596.10,"29,805.00",2024-04-02
1147,HRL,2024040205002398,21,19,15.00,596.10,"8,941.50",2024-04-02
1148,HRL,2024040205002399,38,49,20.00,596.20,"11,924.00",2024-04-02
1149,HRL,2024040205002400,38,51,10.00,596.20,"5,962.00",2024-04-02
1150,HRL,2024040205002401,38,32,20.00,596.20,"11,924.00",2024-04-02
1151,HRL,2024040205002402,17,13,20.00,596.20,"11,924.00",2024-04-02
1152,HRL,2024040205002404,17,49,20.00,596.20,"11,924.00",2024-04-02
1153,HRL,2024040205002413,45,13,10.00,596.30,"5,963.00",2024-04-02
1154,HRL,2024040205002414,45,29,10.00,596.30,"5,963.00",2024-04-02
1155,HRL,2024040205002415,57,29,10.00,596.30,"5,963.00",2024-04-02
1156,HRL,2024040205002417,57,58,10.00,596.30,"5,963.00",2024-04-02
1157,HRL,2024040205002418,57,58,20.00,596.30,"11,926.00",2024-04-02
1158,HRL,2024040205002421,45,26,10.00,596.40,"5,964.00",2024-04-02
1159,HRL,2024040205002422,57,26,128.00,596.30,"76,326.40",2024-04-02
1160,HRL,2024040205002423,72,26,100.00,596.30,"59,630.00",2024-04-02
1161,HRL,2024040205002424,17,26,10.00,596.20,"5,962.00",2024-04-02
1162,HRL,2024040205002425,21,26,35.00,596.10,"20,863.50",2024-04-02
1163,HRL,2024040205002426,65,42,10.00,596.10,"5,961.00",2024-04-02
1164,HRL,2024040205002427,65,13,10.00,596.10,"5,961.00",2024-04-02
1165,HRL,2024040205002428,65,57,10.00,596.10,"5,961.00",2024-04-02
1166,HRL,2024040205002432,65,49,10.00,596.10,"5,961.00",2024-04-02
1167,HRL,2024040205002433,45,34,10.00,596.50,"5,965.00",2024-04-02
1168,HRL,2024040205002434,45,58,30.00,596.50,"17,895.00",2024-04-02
1169,HRL,2024040205002437,45,49,20.00,596.50,"11,930.00",2024-04-02
1170,HRL,2024040205002439,65,56,20.00,596.10,"11,922.00",2024-04-02
1171,HRL,2024040205002440,65,33,10.00,596.10,"5,961.00",2024-04-02
1172,HRL,2024040205002447,36,58,10.00,596.20,"5,962.00",2024-04-02
1173,HRL,2024040205002448,36,32,30.00,596.20,"17,886.00",2024-04-02
1174,HRL,2024040205002449,65,32,30.00,596.10,"17,883.00",2024-04-02
1175,HRL,2024040205002450,26,32,30.00,596.10,"17,883.00",2024-04-02
1176,HRL,2024040205002451,14,32,60.00,596.10,"35,766.00",2024-04-02
1177,HRL,2024040205002452,14,58,20.00,596.10,"11,922.00",2024-04-02
1178,HRL,2024040205002456,58,52,30.00,596.80,"17,904.00",2024-04-02
1179,HRL,2024040205002457,43,13,20.00,596.30,"11,926.00",2024-04-02
1180,HRL,2024040205002458,34,49,20.00,596.70,"11,934.00",2024-04-02
1181,HRL,2024040205002463,34,3,55.00,596.70,"32,818.50",2024-04-02
1182,HRL,2024040205002467,42,28,10.00,596.40,"5,964.00",2024-04-02
1183,HRL,2024040205002468,58,57,10.00,596.20,"5,962.00",2024-04-02
1184,HRL,2024040205002471,58,1,10.00,596.20,"5,962.00",2024-04-02
1185,HRL,2024040205002474,45,49,10.00,596.30,"5,963.00",2024-04-02
1186,HRL,2024040205002475,58,59,100.00,596.20,"59,620.00",2024-04-02
1187,HRL,2024040205002476,42,58,10.00,596.30,"5,963.00",2024-04-02
1188,HRL,2024040205002479,58,22,10.00,596.20,"5,962.00",2024-04-02
1189,HRL,2024040205002480,58,32,10.00,596.20,"5,962.00",2024-04-02
1190,HRL,2024040205002483,58,49,20.00,596.20,"11,924.00",2024-04-02
1191,HRL,2024040205002484,58,35,10.00,596.20,"5,962.00",2024-04-02
1192,HRL,2024040205002485,58,58,20.00,596.20,"11,924.00",2024-04-02
1193,HRL,2024040205002488,58,7,20.00,596.20,"11,924.00",2024-04-02
1194,HRL,2024040205002495,48,56,10.00,596.30,"5,963.00",2024-04-02
1195,HRL,2024040205002496,58,26,10.00,596.20,"5,962.00",2024-04-02
1196,HRL,2024040205002497,38,28,10.00,596.30,"5,963.00",2024-04-02
1197,HRL,2024040205002501,7,38,30.00,596.20,"17,886.00",2024-04-02
1198,HRL,2024040205002503,7,48,10.00,596.20,"5,962.00",2024-04-02
1199,HRL,2024040205002504,7,13,20.00,596.20,"11,924.00",2024-04-02
1200,HRL,2024040205002507,7,34,20.00,596.20,"11,924.00",2024-04-02
1201,HRL,2024040205002509,7,41,20.00,596.20,"11,924.00",2024-04-02
1202,HRL,2024040205002510,45,62,10.00,596.20,"5,962.00",2024-04-02
1203,HRL,2024040205002514,57,6,10.00,596.40,"5,964.00",2024-04-02
1204,HRL,2024040205002517,14,13,10.00,596.10,"5,961.00",2024-04-02
1205,HRL,2024040205002522,14,26,10.00,596.10,"5,961.00",2024-04-02
1206,HRL,2024040205002526,14,58,30.00,596.10,"17,883.00",2024-04-02
1207,HRL,2024040205002530,45,4,10.00,596.20,"5,962.00",2024-04-02
1208,HRL,2024040205002531,19,49,49.00,596.20,"29,213.80",2024-04-02
1209,HRL,2024040205002538,19,63,11.00,596.20,"6,558.20",2024-04-02
1210,HRL,2024040205002539,57,38,10.00,596.20,"5,962.00",2024-04-02
1211,HRL,2024040205002541,57,66,30.00,596.20,"17,886.00",2024-04-02
1212,HRL,2024040205002542,14,66,470.00,596.10,"280,167.00",2024-04-02
1213,HRL,2024040205002543,14,21,20.00,596.10,"11,922.00",2024-04-02
1214,HRL,2024040205002544,14,47,10.00,596.10,"5,961.00",2024-04-02
1215,HRL,2024040205002546,14,46,10.00,596.10,"5,961.00",2024-04-02
1216,HRL,2024040205002547,14,55,20.00,596.10,"11,922.00",2024-04-02
1217,HRL,2024040205002549,21,4,10.00,596.20,"5,962.00",2024-04-02
1218,HRL,2024040205002552,21,58,10.00,596.20,"5,962.00",2024-04-02
1219,HRL,2024040205002553,21,32,20.00,596.20,"11,924.00",2024-04-02
1220,HRL,2024040205002554,21,58,10.00,596.20,"5,962.00",2024-04-02
1221,HRL,2024040205002556,21,43,10.00,596.20,"5,962.00",2024-04-02
1222,HRL,2024040205002558,10,1,20.00,596.30,"11,926.00",2024-04-02
1223,HRL,2024040205002559,21,4,10.00,596.20,"5,962.00",2024-04-02
1224,HRL,2024040205002560,21,22,10.00,596.20,"5,962.00",2024-04-02
1225,HRL,2024040205002562,21,32,10.00,596.20,"5,962.00",2024-04-02
1226,HRL,2024040205002564,21,34,10.00,596.20,"5,962.00",2024-04-02
1227,HRL,2024040205002565,14,34,10.00,596.10,"5,961.00",2024-04-02
1228,HRL,2024040205002571,14,6,10.00,596.10,"5,961.00",2024-04-02
1229,HRL,2024040205002579,14,58,10.00,596.10,"5,961.00",2024-04-02
1230,HRL,2024040205002581,14,57,30.00,596.10,"17,883.00",2024-04-02
1231,HRL,2024040205002583,58,42,10.00,596.40,"5,964.00",2024-04-02
1232,HRL,2024040205002586,91,61,20.00,596.20,"11,924.00",2024-04-02
1233,HRL,2024040205002587,42,42,20.00,596.70,"11,934.00",2024-04-02
1234,HRL,2024040205002590,42,33,10.00,596.70,"5,967.00",2024-04-02
1235,HRL,2024040205002591,7,33,10.00,596.70,"5,967.00",2024-04-02
1236,HRL,2024040205002593,7,57,10.00,596.70,"5,967.00",2024-04-02
1237,HRL,2024040205002596,21,38,10.00,596.30,"5,963.00",2024-04-02
1238,HRL,2024040205002597,21,35,10.00,596.30,"5,963.00",2024-04-02
1239,HRL,2024040205002598,21,47,10.00,596.30,"5,963.00",2024-04-02
1240,HRL,2024040205002599,22,75,40.00,596.70,"23,868.00",2024-04-02
1241,HRL,2024040205002600,22,42,10.00,596.70,"5,967.00",2024-04-02
1242,HRL,2024040205002601,22,49,20.00,596.70,"11,934.00",2024-04-02
1243,HRL,2024040205002602,22,58,10.00,596.70,"5,967.00",2024-04-02
1244,HRL,2024040205002603,22,41,10.00,596.90,"5,969.00",2024-04-02
1245,HRL,2024040205002604,22,37,50.00,596.90,"29,845.00",2024-04-02
1246,HRL,2024040205002605,22,56,10.00,597.00,"5,970.00",2024-04-02
1247,HRL,2024040205002606,21,4,10.00,596.30,"5,963.00",2024-04-02
1248,HRL,2024040205002609,21,57,20.00,596.30,"11,926.00",2024-04-02
1249,HRL,2024040205002610,21,41,20.00,596.30,"11,926.00",2024-04-02
1250,HRL,2024040205002612,1,34,10.00,596.70,"5,967.00",2024-04-02
1251,HRL,2024040205002613,1,56,235.00,597.00,"140,295.00",2024-04-02
1252,HRL,2024040205002614,1,11,10.00,597.00,"5,970.00",2024-04-02
1253,HRL,2024040205002615,1,58,10.00,597.00,"5,970.00",2024-04-02
1254,HRL,2024040205002616,1,45,10.00,597.00,"5,970.00",2024-04-02
1255,HRL,2024040205002617,1,49,30.00,597.00,"17,910.00",2024-04-02
1256,HRL,2024040205002618,1,34,10.00,597.00,"5,970.00",2024-04-02
1257,HRL,2024040205002619,1,49,10.00,597.00,"5,970.00",2024-04-02
1258,HRL,2024040205002620,1,42,20.00,597.00,"11,940.00",2024-04-02
1259,HRL,2024040205002621,1,7,20.00,597.00,"11,940.00",2024-04-02
1260,HRL,2024040205002622,1,38,20.00,597.00,"11,940.00",2024-04-02
1261,HRL,2024040205002623,1,38,20.00,597.00,"11,940.00",2024-04-02
1262,HRL,2024040205002624,1,52,10.00,597.00,"5,970.00",2024-04-02
1263,HRL,2024040205002625,1,35,10.00,597.00,"5,970.00",2024-04-02
1264,HRL,2024040205002626,1,49,10.00,597.00,"5,970.00",2024-04-02
1265,HRL,2024040205002627,1,49,20.00,597.00,"11,940.00",2024-04-02
1266,HRL,2024040205002628,1,49,10.00,597.00,"5,970.00",2024-04-02
1267,HRL,2024040205002629,1,49,10.00,597.00,"5,970.00",2024-04-02
1268,HRL,2024040205002630,1,21,10.00,597.00,"5,970.00",2024-04-02
1269,HRL,2024040205002631,1,41,20.00,597.00,"11,940.00",2024-04-02
1270,HRL,2024040205002632,1,38,30.00,597.00,"17,910.00",2024-04-02
1271,HRL,2024040205002634,1,32,20.00,597.00,"11,940.00",2024-04-02
1272,HRL,2024040205002635,1,10,10.00,597.00,"5,970.00",2024-04-02
1273,HRL,2024040205002639,1,38,20.00,597.10,"11,942.00",2024-04-02
1274,HRL,2024040205002640,1,42,10.00,597.30,"5,973.00",2024-04-02
1275,HRL,2024040205002641,1,38,10.00,597.00,"5,970.00",2024-04-02
1276,HRL,2024040205002642,1,21,10.00,597.00,"5,970.00",2024-04-02
1277,HRL,2024040205002645,1,52,30.00,597.00,"17,910.00",2024-04-02
1278,HRL,2024040205002646,1,25,100.00,597.00,"59,700.00",2024-04-02
1279,HRL,2024040205002647,1,41,285.00,597.00,"170,145.00",2024-04-02
1280,HRL,2024040205002648,55,41,200.00,597.00,"119,400.00",2024-04-02
1281,HRL,2024040205002649,26,42,20.00,596.40,"11,928.00",2024-04-02
1282,HRL,2024040205002650,26,89,10.00,596.40,"5,964.00",2024-04-02
1283,HRL,2024040205002655,26,57,10.00,596.40,"5,964.00",2024-04-02
1284,HRL,2024040205002656,26,42,10.00,596.40,"5,964.00",2024-04-02
1285,HRL,2024040205002657,26,35,10.00,596.40,"5,964.00",2024-04-02
1286,HRL,2024040205002659,26,6,10.00,596.40,"5,964.00",2024-04-02
1287,HRL,2024040205002660,26,29,10.00,596.40,"5,964.00",2024-04-02
1288,HRL,2024040205002661,26,10,10.00,596.40,"5,964.00",2024-04-02
1289,HRL,2024040205002665,26,46,20.00,596.40,"11,928.00",2024-04-02
1290,HRL,2024040205002667,26,21,20.00,596.40,"11,928.00",2024-04-02
1291,HRL,2024040205002668,26,45,10.00,596.40,"5,964.00",2024-04-02
1292,HRL,2024040205002670,26,42,20.00,596.40,"11,928.00",2024-04-02
1293,HRL,2024040205002671,26,52,10.00,596.40,"5,964.00",2024-04-02
1294,HRL,2024040205002683,52,53,20.00,596.50,"11,930.00",2024-04-02
1295,HRL,2024040205002696,17,45,10.00,597.00,"5,970.00",2024-04-02
1296,HRL,2024040205002697,17,52,10.00,597.00,"5,970.00",2024-04-02
1297,HRL,2024040205002698,17,58,10.00,597.00,"5,970.00",2024-04-02
1298,HRL,2024040205002699,17,59,50.00,597.00,"29,850.00",2024-04-02
1299,HRL,2024040205002700,17,42,20.00,597.00,"11,940.00",2024-04-02
1300,HRL,2024040205002701,52,29,10.00,596.50,"5,965.00",2024-04-02
1301,HRL,2024040205002703,52,57,20.00,596.50,"11,930.00",2024-04-02
1302,HRL,2024040205002704,26,14,10.00,596.40,"5,964.00",2024-04-02
1303,HRL,2024040205002708,26,14,10.00,596.40,"5,964.00",2024-04-02
1304,HRL,2024040205002715,26,42,20.00,596.40,"11,928.00",2024-04-02
1305,HRL,2024040205002717,45,53,10.00,596.50,"5,965.00",2024-04-02
1306,HRL,2024040205002722,21,54,10.00,596.50,"5,965.00",2024-04-02
1307,HRL,2024040205002730,21,52,20.00,596.50,"11,930.00",2024-04-02
1308,HRL,2024040205002736,1,50,500.00,596.60,"298,300.00",2024-04-02
1309,HRL,2024040205002739,21,41,200.00,596.50,"119,300.00",2024-04-02
1310,HRL,2024040205002741,21,58,10.00,596.50,"5,965.00",2024-04-02
1311,HRL,2024040205002748,21,6,30.00,596.50,"17,895.00",2024-04-02
1312,HRL,2024040205002758,21,49,10.00,596.50,"5,965.00",2024-04-02
1313,HRL,2024040205002759,21,52,10.00,596.50,"5,965.00",2024-04-02
1314,HRL,2024040205002768,38,36,70.00,596.60,"41,762.00",2024-04-02
1315,HRL,2024040205002769,38,55,10.00,596.60,"5,966.00",2024-04-02
1316,HRL,2024040205002770,38,44,10.00,596.60,"5,966.00",2024-04-02
1317,HRL,2024040205002773,38,32,10.00,596.60,"5,966.00",2024-04-02
1318,HRL,2024040205002774,21,58,30.00,596.50,"17,895.00",2024-04-02
1319,HRL,2024040205002775,21,49,10.00,596.50,"5,965.00",2024-04-02
1320,HRL,2024040205002780,34,50,10.00,596.60,"5,966.00",2024-04-02
1321,HRL,2024040205002790,34,58,10.00,596.60,"5,966.00",2024-04-02
1322,HRL,2024040205002794,34,52,10.00,596.60,"5,966.00",2024-04-02
1323,HRL,2024040205002795,34,38,20.00,596.60,"11,932.00",2024-04-02
1324,HRL,2024040205002796,34,38,320.00,596.60,"190,912.00",2024-04-02
1325,HRL,2024040205002797,34,58,10.00,596.60,"5,966.00",2024-04-02
1326,HRL,2024040205002801,34,55,10.00,597.00,"5,970.00",2024-04-02
1327,HRL,2024040205002802,34,58,10.00,597.00,"5,970.00",2024-04-02
1328,HRL,2024040205002803,34,49,10.00,597.00,"5,970.00",2024-04-02
1329,HRL,2024040205002804,34,65,70.00,597.00,"41,790.00",2024-04-02
1330,HRL,2024040205002808,34,45,20.00,596.60,"11,932.00",2024-04-02
1331,HRL,2024040205002813,34,7,10.00,596.60,"5,966.00",2024-04-02
1332,HRL,2024040205002814,34,22,10.00,596.60,"5,966.00",2024-04-02
1333,HRL,2024040205002816,91,65,30.00,597.00,"17,910.00",2024-04-02
1334,HRL,2024040205002819,34,28,20.00,596.60,"11,932.00",2024-04-02
1335,HRL,2024040205002821,34,25,60.00,596.60,"35,796.00",2024-04-02
1336,HRL,2024040205002825,21,58,10.00,596.50,"5,965.00",2024-04-02
1337,HRL,2024040205002827,21,25,10.00,596.50,"5,965.00",2024-04-02
1338,HRL,2024040205002828,21,71,150.00,596.50,"89,475.00",2024-04-02
1339,HRL,2024040205002829,36,71,52.00,596.50,"31,018.00",2024-04-02
1340,HRL,2024040205002830,39,25,10.00,596.60,"5,966.00",2024-04-02
1341,HRL,2024040205002831,58,25,10.00,596.60,"5,966.00",2024-04-02
1342,HRL,2024040205002832,36,21,20.00,596.50,"11,930.00",2024-04-02
1343,HRL,2024040205002841,36,38,20.00,596.50,"11,930.00",2024-04-02
1344,HRL,2024040205002846,36,43,900.00,596.50,"536,850.00",2024-04-02
1345,HRL,2024040205002847,38,38,20.00,596.50,"11,930.00",2024-04-02
1346,HRL,2024040205002855,38,55,30.00,596.50,"17,895.00",2024-04-02
1347,HRL,2024040205002856,38,41,10.00,596.50,"5,965.00",2024-04-02
1348,HRL,2024040205002859,38,42,10.00,596.50,"5,965.00",2024-04-02
1349,HRL,2024040205002862,45,25,15.00,596.60,"8,949.00",2024-04-02
1350,HRL,2024040205002863,38,33,20.00,596.50,"11,930.00",2024-04-02
1351,HRL,2024040205002864,25,57,20.00,597.00,"11,940.00",2024-04-02
1352,HRL,2024040205002865,25,35,10.00,597.00,"5,970.00",2024-04-02
1353,HRL,2024040205002866,25,6,10.00,597.00,"5,970.00",2024-04-02
1354,HRL,2024040205002867,25,32,20.00,597.00,"11,940.00",2024-04-02
1355,HRL,2024040205002868,25,48,10.00,597.00,"5,970.00",2024-04-02
1356,HRL,2024040205002869,25,28,10.00,597.00,"5,970.00",2024-04-02
1357,HRL,2024040205002870,25,16,120.00,597.00,"71,640.00",2024-04-02
1358,HRL,2024040205002871,38,45,10.00,596.50,"5,965.00",2024-04-02
1359,HRL,2024040205002872,56,45,60.00,596.50,"35,790.00",2024-04-02
1360,HRL,2024040205002873,51,45,10.00,596.50,"5,965.00",2024-04-02
1361,HRL,2024040205002874,26,45,920.00,596.40,"548,688.00",2024-04-02
1362,HRL,2024040205002875,55,16,80.00,597.00,"47,760.00",2024-04-02
1363,HRL,2024040205002876,55,28,10.00,597.00,"5,970.00",2024-04-02
1364,HRL,2024040205002877,55,35,10.00,597.00,"5,970.00",2024-04-02
1365,HRL,2024040205002879,26,21,30.00,596.40,"17,892.00",2024-04-02
1366,HRL,2024040205002883,26,42,10.00,596.40,"5,964.00",2024-04-02
1367,HRL,2024040205002890,26,21,20.00,596.40,"11,928.00",2024-04-02
1368,HRL,2024040205002891,26,43,10.00,596.40,"5,964.00",2024-04-02
1369,HRL,2024040205002911,26,22,10.00,596.40,"5,964.00",2024-04-02
1370,HRL,2024040205002912,26,45,20.00,596.40,"11,928.00",2024-04-02
1371,HRL,2024040205002913,26,58,10.00,596.40,"5,964.00",2024-04-02
1372,HRL,2024040205002914,26,29,20.00,596.40,"11,928.00",2024-04-02
1373,HRL,2024040205002915,26,25,10.00,596.40,"5,964.00",2024-04-02
1374,HRL,2024040205002922,57,57,5.00,601.70,"3,008.50",2024-04-02
1375,HRL,2024040205002924,26,52,20.00,596.40,"11,928.00",2024-04-02
1376,HRL,2024040205002929,26,38,10.00,596.40,"5,964.00",2024-04-02
1377,HRL,2024040205002931,26,53,40.00,596.40,"23,856.00",2024-04-02
1378,HRL,2024040205002933,26,28,30.00,596.40,"17,892.00",2024-04-02
1379,HRL,2024040205002934,26,36,30.00,596.40,"17,892.00",2024-04-02
1380,HRL,2024040205002935,38,42,30.00,596.50,"17,895.00",2024-04-02
1381,HRL,2024040205002936,38,52,20.00,596.50,"11,930.00",2024-04-02
1382,HRL,2024040205002937,38,51,30.00,596.50,"17,895.00",2024-04-02
1383,HRL,2024040205002938,26,58,30.00,596.40,"17,892.00",2024-04-02
1384,HRL,2024040205002939,21,51,120.00,596.50,"71,580.00",2024-04-02
1385,HRL,2024040205002940,26,38,10.00,596.40,"5,964.00",2024-04-02
1386,HRL,2024040205002946,25,51,300.00,596.50,"178,950.00",2024-04-02
1387,HRL,2024040205002947,26,52,10.00,596.40,"5,964.00",2024-04-02
1388,HRL,2024040205002956,26,41,10.00,596.40,"5,964.00",2024-04-02
1389,HRL,2024040205002957,26,38,20.00,596.40,"11,928.00",2024-04-02
1390,HRL,2024040205002958,36,51,16.00,596.50,"9,544.00",2024-04-02
1391,HRL,2024040205002959,26,6,10.00,596.40,"5,964.00",2024-04-02
1392,HRL,2024040205002960,26,32,10.00,596.40,"5,964.00",2024-04-02
1393,HRL,2024040205002961,36,32,10.00,596.40,"5,964.00",2024-04-02
1394,HRL,2024040205002962,36,45,80.00,596.40,"47,712.00",2024-04-02
1395,HRL,2024040205002965,36,10,20.00,596.40,"11,928.00",2024-04-02
1396,HRL,2024040205002967,36,57,20.00,596.40,"11,928.00",2024-04-02
1397,HRL,2024040205002971,36,28,378.00,596.40,"225,439.20",2024-04-02
1398,HRL,2024040205002972,54,28,30.00,596.40,"17,892.00",2024-04-02
1399,HRL,2024040205002973,21,28,420.00,596.30,"250,446.00",2024-04-02
1400,HRL,2024040205002974,45,28,100.00,596.30,"59,630.00",2024-04-02
1401,HRL,2024040205002975,42,28,10.00,596.20,"5,962.00",2024-04-02
1402,HRL,2024040205002976,38,28,62.00,596.20,"36,964.40",2024-04-02
1403,HRL,2024040205002979,38,41,10.00,596.20,"5,962.00",2024-04-02
1404,HRL,2024040205002985,38,58,10.00,596.20,"5,962.00",2024-04-02
1405,HRL,2024040205002987,38,55,10.00,596.20,"5,962.00",2024-04-02
1406,HRL,2024040205002988,14,58,10.00,596.10,"5,961.00",2024-04-02
1407,HRL,2024040205003001,14,43,270.00,596.10,"160,947.00",2024-04-02
1408,HRL,2024040205003004,14,56,10.00,596.10,"5,961.00",2024-04-02
1409,HRL,2024040205003005,66,56,20.00,596.10,"11,922.00",2024-04-02
1410,HRL,2024040205003008,14,58,10.00,596.20,"5,962.00",2024-04-02
1411,HRL,2024040205003012,14,34,10.00,596.20,"5,962.00",2024-04-02
1412,HRL,2024040205003016,14,57,20.00,596.20,"11,924.00",2024-04-02
1413,HRL,2024040205003017,14,42,10.00,596.20,"5,962.00",2024-04-02
1414,HRL,2024040205003018,66,42,140.00,596.10,"83,454.00",2024-04-02
1415,HRL,2024040205003019,50,21,20.00,596.30,"11,926.00",2024-04-02
1416,HRL,2024040205003020,50,48,300.00,596.30,"178,890.00",2024-04-02
1417,HRL,2024040205003021,66,3,30.00,596.10,"17,883.00",2024-04-02
1418,HRL,2024040205003024,42,51,34.00,596.50,"20,281.00",2024-04-02
1419,HRL,2024040205003025,42,56,20.00,596.50,"11,930.00",2024-04-02
1420,HRL,2024040205003026,42,58,10.00,596.50,"5,965.00",2024-04-02
1421,HRL,2024040205003027,50,25,105.00,596.60,"62,643.00",2024-04-02
1422,HRL,2024040205003029,50,26,10.00,596.60,"5,966.00",2024-04-02
1423,HRL,2024040205003031,42,56,20.00,596.50,"11,930.00",2024-04-02
1424,HRL,2024040205003037,42,33,16.00,596.50,"9,544.00",2024-04-02
1425,HRL,2024040205003041,49,90,30.00,596.20,"17,886.00",2024-04-02
1426,HRL,2024040205003043,49,42,20.00,596.20,"11,924.00",2024-04-02
1427,HRL,2024040205003044,66,42,20.00,596.10,"11,922.00",2024-04-02
1428,HRL,2024040205003048,66,35,10.00,596.10,"5,961.00",2024-04-02
1429,HRL,2024040205003049,66,3,30.00,596.10,"17,883.00",2024-04-02
1430,HRL,2024040205003052,66,16,10.00,596.10,"5,961.00",2024-04-02
1431,HRL,2024040205003053,66,38,10.00,596.10,"5,961.00",2024-04-02
1432,HRL,2024040205003058,1,55,10.00,596.20,"5,962.00",2024-04-02
1433,HRL,2024040205003060,1,45,10.00,596.20,"5,962.00",2024-04-02
1434,HRL,2024040205003064,1,8,20.00,596.20,"11,924.00",2024-04-02
1435,HRL,2024040205003067,1,8,160.00,596.20,"95,392.00",2024-04-02
1436,HRL,2024040205003070,66,38,20.00,596.10,"11,922.00",2024-04-02
1437,HRL,2024040205003071,41,8,50.00,596.20,"29,810.00",2024-04-02
1438,HRL,2024040205003072,66,42,10.00,596.10,"5,961.00",2024-04-02
1439,HRL,2024040205003079,66,3,30.00,596.10,"17,883.00",2024-04-02
1440,HRL,2024040205003085,66,8,370.00,596.10,"220,557.00",2024-04-02
1441,HRL,2024040205003086,41,8,130.00,596.10,"77,493.00",2024-04-02
1442,HRL,2024040205003087,41,32,20.00,596.10,"11,922.00",2024-04-02
1443,HRL,2024040205003088,41,8,500.00,596.10,"298,050.00",2024-04-02
1444,HRL,2024040205003089,45,50,20.00,596.20,"11,924.00",2024-04-02
1445,HRL,2024040205003090,45,47,10.00,596.50,"5,965.00",2024-04-02
1446,HRL,2024040205003091,45,1,10.00,596.50,"5,965.00",2024-04-02
1447,HRL,2024040205003092,45,53,60.00,596.50,"35,790.00",2024-04-02
1448,HRL,2024040205003093,41,53,150.00,596.10,"89,415.00",2024-04-02
1449,HRL,2024040205003094,6,53,200.00,596.10,"119,220.00",2024-04-02
1450,HRL,2024040205003095,42,53,30.00,596.10,"17,883.00",2024-04-02
1451,HRL,2024040205003096,55,53,60.00,596.10,"35,766.00",2024-04-02
1452,HRL,2024040205003100,41,21,30.00,596.20,"17,886.00",2024-04-02
1453,HRL,2024040205003103,34,1,20.00,596.90,"11,938.00",2024-04-02
1454,HRL,2024040205003104,41,35,20.00,596.20,"11,924.00",2024-04-02
1455,HRL,2024040205003105,55,35,140.00,596.10,"83,454.00",2024-04-02
1456,HRL,2024040205003108,55,62,300.00,596.10,"178,830.00",2024-04-02
1457,HRL,2024040205003109,1,62,200.00,596.10,"119,220.00",2024-04-02
1458,HRL,2024040205003110,34,62,50.00,596.00,"29,800.00",2024-04-02
1459,HRL,2024040205003111,22,62,30.00,596.00,"17,880.00",2024-04-02
1460,HRL,2024040205003112,68,62,30.00,596.00,"17,880.00",2024-04-02
1461,HRL,2024040205003113,32,62,100.00,596.00,"59,600.00",2024-04-02
1462,HRL,2024040205003114,61,62,100.00,596.00,"59,600.00",2024-04-02
1463,HRL,2024040205003115,19,62,70.00,596.00,"41,720.00",2024-04-02
1464,HRL,2024040205003116,81,62,600.00,596.00,"357,600.00",2024-04-02
1465,HRL,2024040205003117,49,62,160.00,596.00,"95,360.00",2024-04-02
1466,HRL,2024040205003118,48,62,30.00,596.00,"17,880.00",2024-04-02
1467,HRL,2024040205003119,85,62,100.00,596.00,"59,600.00",2024-04-02
1468,HRL,2024040205003120,17,62,30.00,596.00,"17,880.00",2024-04-02
1469,HRL,2024040205003121,58,62,61.00,596.00,"36,356.00",2024-04-02
1470,HRL,2024040205003122,29,62,139.00,596.00,"82,844.00",2024-04-02
1471,HRL,2024040205003124,29,47,10.00,596.00,"5,960.00",2024-04-02
1472,HRL,2024040205003125,29,58,10.00,596.00,"5,960.00",2024-04-02
1473,HRL,2024040205003126,29,42,10.00,596.00,"5,960.00",2024-04-02
1474,HRL,2024040205003128,29,38,10.00,596.00,"5,960.00",2024-04-02
1475,HRL,2024040205003131,1,44,10.00,596.10,"5,961.00",2024-04-02
1476,HRL,2024040205003137,51,48,60.00,596.20,"35,772.00",2024-04-02
1477,HRL,2024040205003138,1,48,120.00,596.10,"71,532.00",2024-04-02
1478,HRL,2024040205003140,1,7,20.00,596.10,"11,922.00",2024-04-02
1479,HRL,2024040205003141,1,22,50.00,596.10,"29,805.00",2024-04-02
1480,HRL,2024040205003143,51,94,10.00,596.10,"5,961.00",2024-04-02
1481,HRL,2024040205003144,51,4,10.00,596.10,"5,961.00",2024-04-02
1482,HRL,2024040205003146,45,58,10.00,596.30,"5,963.00",2024-04-02
1483,HRL,2024040205003150,45,35,20.00,596.30,"11,926.00",2024-04-02
1484,HRL,2024040205003152,45,16,10.00,596.30,"5,963.00",2024-04-02
1485,HRL,2024040205003154,45,57,10.00,596.30,"5,963.00",2024-04-02
1486,HRL,2024040205003157,45,44,10.00,596.30,"5,963.00",2024-04-02
1487,HRL,2024040205003161,45,44,20.00,596.30,"11,926.00",2024-04-02
1488,HRL,2024040205003167,45,45,10.00,596.30,"5,963.00",2024-04-02
1489,HRL,2024040205003169,45,38,20.00,596.30,"11,926.00",2024-04-02
1490,HRL,2024040205003170,45,28,20.00,596.30,"11,926.00",2024-04-02
1491,HRL,2024040205003175,45,38,10.00,596.30,"5,963.00",2024-04-02
1492,HRL,2024040205003178,45,4,10.00,596.30,"5,963.00",2024-04-02
1493,HRL,2024040205003180,45,58,20.00,596.30,"11,926.00",2024-04-02
1494,HRL,2024040205003182,58,16,10.00,596.40,"5,964.00",2024-04-02
1495,HRL,2024040205003186,58,41,15.00,596.40,"8,946.00",2024-04-02
1496,HRL,2024040205003187,45,41,30.00,596.30,"17,889.00",2024-04-02
1497,HRL,2024040205003188,51,41,30.00,596.10,"17,883.00",2024-04-02
1498,HRL,2024040205003189,1,41,200.00,596.10,"119,220.00",2024-04-02
1499,HRL,2024040205003190,66,41,445.00,596.10,"265,264.50",2024-04-02
