SN,Symbol,Transaction No.,Buyer Broker,Seller Broker,Share Quantity,Rate(Rs),Amount(Rs),Traded Date
1,HRL,2024030305000001,45,21,10.00,605.40,"6,054.00",2024-03-03
2,HRL,2024030305000002,45,58,10.00,605.40,"6,054.00",2024-03-03
3,HRL,2024030305000003,52,58,20.00,605.40,"12,108.00",2024-03-03
4,HRL,2024030305000005,69,42,10.00,610.00,"6,100.00",2024-03-03
5,HRL,2024030305000006,69,22,10.00,613.00,"6,130.00",2024-03-03
6,HRL,2024030305000007,52,57,10.00,606.00,"6,060.00",2024-03-03
7,HRL,2024030305000008,42,57,15.00,605.40,"9,081.00",2024-03-03
8,HRL,2024030305000010,69,22,10.00,613.00,"6,130.00",2024-03-03
9,HRL,2024030305000012,55,32,10.00,610.00,"6,100.00",2024-03-03
10,HRL,2024030305000013,58,58,10.00,606.00,"6,060.00",2024-03-03
11,HRL,2024030305000015,53,7,10.00,605.40,"6,054.00",2024-03-03
12,HRL,2024030305000017,53,59,10.00,605.40,"6,054.00",2024-03-03
13,HRL,2024030305000019,53,45,10.00,605.40,"6,054.00",2024-03-03
14,HRL,2024030305000020,53,20,20.00,605.40,"12,108.00",2024-03-03
15,HRL,2024030305000021,32,56,20.00,605.20,"12,104.00",2024-03-03
16,HRL,2024030305000022,32,71,80.00,605.20,"48,416.00",2024-03-03
17,HRL,2024030305000023,57,71,85.00,605.10,"51,433.50",2024-03-03
18,HRL,2024030305000024,13,71,500.00,605.10,"302,550.00",2024-03-03
19,HRL,2024030305000025,3,71,35.00,605.00,"21,175.00",2024-03-03
20,HRL,2024030305000028,21,58,10.00,606.00,"6,060.00",2024-03-03
21,HRL,2024030305000029,48,45,10.00,605.20,"6,052.00",2024-03-03
22,HRL,2024030305000030,48,8,10.00,605.40,"6,054.00",2024-03-03
23,HRL,2024030305000031,3,8,10.00,605.00,"6,050.00",2024-03-03
24,HRL,2024030305000032,21,39,10.00,605.10,"6,051.00",2024-03-03
25,HRL,2024030305000033,21,28,10.00,605.10,"6,051.00",2024-03-03
26,HRL,2024030305000034,58,32,10.00,610.00,"6,100.00",2024-03-03
27,HRL,2024030305000035,58,81,150.00,610.00,"91,500.00",2024-03-03
28,HRL,2024030305000040,1,47,20.00,605.40,"12,108.00",2024-03-03
29,HRL,2024030305000043,1,55,10.00,605.40,"6,054.00",2024-03-03
30,HRL,2024030305000044,1,65,10.00,605.40,"6,054.00",2024-03-03
31,HRL,2024030305000046,6,47,10.00,606.00,"6,060.00",2024-03-03
32,HRL,2024030305000047,1,47,20.00,605.40,"12,108.00",2024-03-03
33,HRL,2024030305000048,58,58,10.00,607.00,"6,070.00",2024-03-03
34,HRL,2024030305000049,72,56,500.00,605.50,"302,750.00",2024-03-03
35,HRL,2024030305000050,1,56,240.00,605.40,"145,296.00",2024-03-03
36,HRL,2024030305000051,34,56,60.00,605.40,"36,324.00",2024-03-03
37,HRL,2024030305000052,41,56,30.00,605.30,"18,159.00",2024-03-03
38,HRL,2024030305000053,33,56,10.00,605.20,"6,052.00",2024-03-03
39,HRL,2024030305000054,21,56,160.00,605.10,"96,816.00",2024-03-03
40,HRL,2024030305000055,21,58,320.00,605.10,"193,632.00",2024-03-03
41,HRL,2024030305000056,94,58,10.00,605.10,"6,051.00",2024-03-03
42,HRL,2024030305000058,94,39,10.00,605.10,"6,051.00",2024-03-03
43,HRL,2024030305000059,94,71,280.00,605.10,"169,428.00",2024-03-03
44,HRL,2024030305000060,4,71,15.00,605.10,"9,076.50",2024-03-03
45,HRL,2024030305000061,3,54,10.00,605.00,"6,050.00",2024-03-03
46,HRL,2024030305000062,3,39,10.00,605.00,"6,050.00",2024-03-03
47,HRL,2024030305000063,13,49,10.00,605.40,"6,054.00",2024-03-03
48,HRL,2024030305000066,57,52,10.00,606.00,"6,060.00",2024-03-03
49,HRL,2024030305000067,57,58,20.00,606.00,"12,120.00",2024-03-03
50,HRL,2024030305000068,57,19,40.00,606.00,"24,240.00",2024-03-03
51,HRL,2024030305000069,57,54,20.00,606.00,"12,120.00",2024-03-03
52,HRL,2024030305000074,57,10,10.00,606.00,"6,060.00",2024-03-03
53,HRL,2024030305000075,55,35,10.00,606.00,"6,060.00",2024-03-03
54,HRL,2024030305000076,55,58,10.00,607.00,"6,070.00",2024-03-03
55,HRL,2024030305000084,32,58,10.00,607.00,"6,070.00",2024-03-03
56,HRL,2024030305000086,34,43,20.00,605.20,"12,104.00",2024-03-03
57,HRL,2024030305000089,69,17,10.00,608.00,"6,080.00",2024-03-03
58,HRL,2024030305000094,33,51,10.00,606.10,"6,061.00",2024-03-03
59,HRL,2024030305000095,53,51,10.00,606.00,"6,060.00",2024-03-03
60,HRL,2024030305000096,51,41,10.00,608.00,"6,080.00",2024-03-03
61,HRL,2024030305000097,51,42,10.00,608.00,"6,080.00",2024-03-03
62,HRL,2024030305000112,51,58,10.00,607.00,"6,070.00",2024-03-03
63,HRL,2024030305000113,51,41,10.00,607.80,"6,078.00",2024-03-03
64,HRL,2024030305000115,53,42,15.00,606.00,"9,090.00",2024-03-03
65,HRL,2024030305000121,57,3,60.00,607.70,"36,462.00",2024-03-03
66,HRL,2024030305000122,58,19,10.00,606.10,"6,061.00",2024-03-03
67,HRL,2024030305000123,58,58,10.00,606.10,"6,061.00",2024-03-03
68,HRL,2024030305000125,58,58,10.00,606.50,"6,065.00",2024-03-03
69,HRL,2024030305000126,51,41,10.00,607.00,"6,070.00",2024-03-03
70,HRL,2024030305000127,51,58,10.00,607.00,"6,070.00",2024-03-03
71,HRL,2024030305000128,53,58,10.00,606.40,"6,064.00",2024-03-03
72,HRL,2024030305000129,53,57,10.00,606.40,"6,064.00",2024-03-03
73,HRL,2024030305000130,26,18,"1,700.00",606.30,"1,030,710.00",2024-03-03
74,HRL,2024030305000131,58,18,230.00,606.10,"139,403.00",2024-03-03
75,HRL,2024030305000132,34,18,200.00,606.10,"121,220.00",2024-03-03
76,HRL,2024030305000133,32,18,730.00,606.00,"442,380.00",2024-03-03
77,HRL,2024030305000134,19,18,100.00,606.00,"60,600.00",2024-03-03
78,HRL,2024030305000139,34,36,18.00,605.20,"10,893.60",2024-03-03
79,HRL,2024030305000140,34,18,12.00,605.20,"7,262.40",2024-03-03
80,HRL,2024030305000141,71,18,288.00,605.20,"174,297.60",2024-03-03
81,HRL,2024030305000142,71,28,80.00,605.20,"48,416.00",2024-03-03
82,HRL,2024030305000143,71,3,20.00,605.20,"12,104.00",2024-03-03
83,HRL,2024030305000144,71,34,10.00,605.20,"6,052.00",2024-03-03
84,HRL,2024030305000145,71,32,102.00,605.20,"61,730.40",2024-03-03
85,HRL,2024030305000146,43,65,21.00,605.10,"12,707.10",2024-03-03
86,HRL,2024030305000147,3,65,99.00,605.00,"59,895.00",2024-03-03
87,HRL,2024030305000148,3,22,180.00,605.00,"108,900.00",2024-03-03
88,HRL,2024030305000149,3,74,10.00,605.00,"6,050.00",2024-03-03
89,HRL,2024030305000150,3,49,10.00,605.00,"6,050.00",2024-03-03
90,HRL,2024030305000151,3,28,436.00,605.00,"263,780.00",2024-03-03
91,HRL,2024030305000152,19,28,20.00,605.00,"12,100.00",2024-03-03
92,HRL,2024030305000153,35,28,33.00,605.00,"19,965.00",2024-03-03
93,HRL,2024030305000154,21,28,10.00,605.00,"6,050.00",2024-03-03
94,HRL,2024030305000155,55,28,20.00,605.00,"12,100.00",2024-03-03
95,HRL,2024030305000156,1,28,800.00,605.00,"484,000.00",2024-03-03
96,HRL,2024030305000157,38,28,20.00,605.00,"12,100.00",2024-03-03
97,HRL,2024030305000158,19,28,50.00,605.00,"30,250.00",2024-03-03
98,HRL,2024030305000159,19,28,50.00,605.00,"30,250.00",2024-03-03
99,HRL,2024030305000161,80,33,30.00,604.90,"18,147.00",2024-03-03
100,HRL,2024030305000163,58,28,400.00,605.00,"242,000.00",2024-03-03
101,HRL,2024030305000164,80,32,305.00,604.90,"184,494.50",2024-03-03
102,HRL,2024030305000167,57,32,70.00,604.90,"42,343.00",2024-03-03
103,HRL,2024030305000170,19,20,10.00,604.00,"6,040.00",2024-03-03
104,HRL,2024030305000171,43,20,20.00,604.00,"12,080.00",2024-03-03
105,HRL,2024030305000177,42,34,10.00,603.00,"6,030.00",2024-03-03
106,HRL,2024030305000180,42,17,40.00,603.00,"24,120.00",2024-03-03
107,HRL,2024030305000181,6,17,50.00,603.00,"30,150.00",2024-03-03
108,HRL,2024030305000182,25,17,50.00,603.00,"30,150.00",2024-03-03
109,HRL,2024030305000183,19,17,10.00,603.00,"6,030.00",2024-03-03
110,HRL,2024030305000184,56,17,50.00,603.00,"30,150.00",2024-03-03
111,HRL,2024030305000185,52,17,20.00,602.90,"12,058.00",2024-03-03
112,HRL,2024030305000186,55,17,"1,000.00",602.00,"602,000.00",2024-03-03
113,HRL,2024030305000187,45,17,180.00,602.00,"108,360.00",2024-03-03
114,HRL,2024030305000191,45,17,10.00,602.00,"6,020.00",2024-03-03
115,HRL,2024030305000192,45,94,10.00,602.00,"6,020.00",2024-03-03
116,HRL,2024030305000194,57,45,10.00,602.00,"6,020.00",2024-03-03
117,HRL,2024030305000195,57,36,20.00,602.00,"12,040.00",2024-03-03
118,HRL,2024030305000197,57,6,70.00,602.00,"42,140.00",2024-03-03
119,HRL,2024030305000198,1,6,40.00,602.00,"24,080.00",2024-03-03
120,HRL,2024030305000200,1,58,20.00,602.10,"12,042.00",2024-03-03
121,HRL,2024030305000201,1,25,18.00,602.10,"10,837.80",2024-03-03
122,HRL,2024030305000202,1,58,10.00,602.10,"6,021.00",2024-03-03
123,HRL,2024030305000203,1,58,10.00,602.10,"6,021.00",2024-03-03
124,HRL,2024030305000205,33,58,20.00,602.10,"12,042.00",2024-03-03
125,HRL,2024030305000206,56,57,10.00,602.00,"6,020.00",2024-03-03
126,HRL,2024030305000207,56,76,40.00,602.00,"24,080.00",2024-03-03
127,HRL,2024030305000208,56,76,30.00,601.20,"18,036.00",2024-03-03
128,HRL,2024030305000209,54,76,50.00,601.10,"30,055.00",2024-03-03
129,HRL,2024030305000210,48,76,500.00,601.00,"300,500.00",2024-03-03
130,HRL,2024030305000211,47,76,200.00,601.00,"120,200.00",2024-03-03
131,HRL,2024030305000212,19,76,20.00,601.00,"12,020.00",2024-03-03
132,HRL,2024030305000213,67,76,10.00,600.00,"6,000.00",2024-03-03
133,HRL,2024030305000214,67,76,50.00,600.00,"30,000.00",2024-03-03
134,HRL,2024030305000215,52,76,20.00,600.00,"12,000.00",2024-03-03
135,HRL,2024030305000216,45,76,30.00,600.00,"18,000.00",2024-03-03
136,HRL,2024030305000217,45,76,25.00,600.00,"15,000.00",2024-03-03
137,HRL,2024030305000218,7,76,10.00,600.00,"6,000.00",2024-03-03
138,HRL,2024030305000219,49,76,100.00,600.00,"60,000.00",2024-03-03
139,HRL,2024030305000220,58,76,60.00,600.00,"36,000.00",2024-03-03
140,HRL,2024030305000221,3,76,200.00,600.00,"120,000.00",2024-03-03
141,HRL,2024030305000222,43,76,100.00,600.00,"60,000.00",2024-03-03
142,HRL,2024030305000223,65,76,10.00,600.00,"6,000.00",2024-03-03
143,HRL,2024030305000225,17,14,10.00,599.30,"5,993.00",2024-03-03
144,HRL,2024030305000234,17,76,100.00,600.00,"60,000.00",2024-03-03
145,HRL,2024030305000235,1,6,10.00,599.40,"5,994.00",2024-03-03
146,HRL,2024030305000237,33,76,20.00,600.00,"12,000.00",2024-03-03
147,HRL,2024030305000239,3,67,100.00,599.90,"59,990.00",2024-03-03
148,HRL,2024030305000240,1,58,10.00,599.40,"5,994.00",2024-03-03
149,HRL,2024030305000243,50,49,10.00,600.00,"6,000.00",2024-03-03
150,HRL,2024030305000244,50,51,13.00,600.00,"7,800.00",2024-03-03
151,HRL,2024030305000245,50,51,30.00,600.00,"18,000.00",2024-03-03
152,HRL,2024030305000246,50,44,20.00,600.00,"12,000.00",2024-03-03
153,HRL,2024030305000256,50,48,27.00,600.00,"16,200.00",2024-03-03
154,HRL,2024030305000262,53,29,25.00,600.00,"15,000.00",2024-03-03
155,HRL,2024030305000272,13,58,10.00,601.00,"6,010.00",2024-03-03
156,HRL,2024030305000277,13,65,10.00,600.00,"6,000.00",2024-03-03
157,HRL,2024030305000278,56,65,20.00,599.60,"11,992.00",2024-03-03
158,HRL,2024030305000279,50,65,100.00,599.60,"59,960.00",2024-03-03
159,HRL,2024030305000280,33,65,10.00,599.50,"5,995.00",2024-03-03
160,HRL,2024030305000281,34,65,60.00,599.50,"35,970.00",2024-03-03
161,HRL,2024030305000283,34,34,40.00,599.50,"23,980.00",2024-03-03
162,HRL,2024030305000284,1,34,32.00,599.40,"19,180.80",2024-03-03
163,HRL,2024030305000285,17,34,28.00,599.30,"16,780.40",2024-03-03
164,HRL,2024030305000287,17,49,10.00,599.30,"5,993.00",2024-03-03
165,HRL,2024030305000291,48,49,10.00,600.00,"6,000.00",2024-03-03
166,HRL,2024030305000292,48,48,8.00,600.00,"4,800.00",2024-03-03
167,HRL,2024030305000294,17,21,80.00,599.30,"47,944.00",2024-03-03
168,HRL,2024030305000295,33,26,20.00,600.00,"12,000.00",2024-03-03
169,HRL,2024030305000296,48,58,10.00,600.00,"6,000.00",2024-03-03
170,HRL,2024030305000298,48,58,10.00,600.00,"6,000.00",2024-03-03
171,HRL,2024030305000299,48,41,10.00,600.00,"6,000.00",2024-03-03
172,HRL,2024030305000301,48,47,10.00,600.00,"6,000.00",2024-03-03
173,HRL,2024030305000303,17,58,10.00,599.30,"5,993.00",2024-03-03
174,HRL,2024030305000305,43,45,10.00,600.00,"6,000.00",2024-03-03
175,HRL,2024030305000306,43,29,5.00,600.00,"3,000.00",2024-03-03
176,HRL,2024030305000307,53,38,20.00,599.40,"11,988.00",2024-03-03
177,HRL,2024030305000319,14,58,10.00,599.50,"5,995.00",2024-03-03
178,HRL,2024030305000320,28,29,20.00,600.00,"12,000.00",2024-03-03
179,HRL,2024030305000321,28,52,45.00,600.00,"27,000.00",2024-03-03
180,HRL,2024030305000322,28,43,10.00,600.00,"6,000.00",2024-03-03
181,HRL,2024030305000323,28,38,10.00,600.00,"6,000.00",2024-03-03
182,HRL,2024030305000324,28,16,10.00,600.00,"6,000.00",2024-03-03
183,HRL,2024030305000325,14,42,100.00,599.50,"59,950.00",2024-03-03
184,HRL,2024030305000326,14,58,10.00,599.50,"5,995.00",2024-03-03
185,HRL,2024030305000329,58,26,20.00,600.00,"12,000.00",2024-03-03
186,HRL,2024030305000330,58,21,10.00,600.00,"6,000.00",2024-03-03
187,HRL,2024030305000332,14,48,20.00,599.50,"11,990.00",2024-03-03
188,HRL,2024030305000334,14,43,10.00,599.50,"5,995.00",2024-03-03
189,HRL,2024030305000336,14,45,10.00,599.50,"5,995.00",2024-03-03
190,HRL,2024030305000337,14,58,10.00,599.50,"5,995.00",2024-03-03
191,HRL,2024030305000339,42,43,10.00,599.60,"5,996.00",2024-03-03
192,HRL,2024030305000340,42,52,10.00,599.60,"5,996.00",2024-03-03
193,HRL,2024030305000342,42,42,10.00,599.60,"5,996.00",2024-03-03
194,HRL,2024030305000344,42,58,20.00,599.60,"11,992.00",2024-03-03
195,HRL,2024030305000347,39,62,10.00,599.60,"5,996.00",2024-03-03
196,HRL,2024030305000348,39,58,10.00,600.00,"6,000.00",2024-03-03
197,HRL,2024030305000349,39,41,10.00,600.00,"6,000.00",2024-03-03
198,HRL,2024030305000350,39,49,10.00,600.00,"6,000.00",2024-03-03
199,HRL,2024030305000351,39,52,20.00,600.00,"12,000.00",2024-03-03
200,HRL,2024030305000352,39,32,10.00,600.00,"6,000.00",2024-03-03
201,HRL,2024030305000353,39,49,10.00,600.00,"6,000.00",2024-03-03
202,HRL,2024030305000354,39,28,20.00,600.00,"12,000.00",2024-03-03
203,HRL,2024030305000355,14,14,30.00,599.50,"17,985.00",2024-03-03
204,HRL,2024030305000356,53,14,280.00,599.40,"167,832.00",2024-03-03
205,HRL,2024030305000357,17,14,190.00,599.30,"113,867.00",2024-03-03
206,HRL,2024030305000358,17,38,20.00,599.30,"11,986.00",2024-03-03
207,HRL,2024030305000361,17,17,10.00,599.30,"5,993.00",2024-03-03
208,HRL,2024030305000363,17,55,10.00,599.30,"5,993.00",2024-03-03
209,HRL,2024030305000364,17,45,10.00,599.30,"5,993.00",2024-03-03
210,HRL,2024030305000373,17,58,20.00,599.30,"11,986.00",2024-03-03
211,HRL,2024030305000374,17,4,10.00,599.30,"5,993.00",2024-03-03
212,HRL,2024030305000375,17,52,10.00,599.30,"5,993.00",2024-03-03
213,HRL,2024030305000376,17,62,20.00,599.30,"11,986.00",2024-03-03
214,HRL,2024030305000385,16,14,10.00,599.40,"5,994.00",2024-03-03
215,HRL,2024030305000386,17,22,10.00,599.30,"5,993.00",2024-03-03
216,HRL,2024030305000387,16,85,20.00,600.00,"12,000.00",2024-03-03
217,HRL,2024030305000388,17,53,10.00,599.30,"5,993.00",2024-03-03
218,HRL,2024030305000389,17,52,10.00,599.30,"5,993.00",2024-03-03
219,HRL,2024030305000390,32,49,26.00,600.00,"15,600.00",2024-03-03
220,HRL,2024030305000392,17,59,10.00,599.30,"5,993.00",2024-03-03
221,HRL,2024030305000397,17,42,22.00,599.30,"13,184.60",2024-03-03
222,HRL,2024030305000399,33,42,158.00,599.30,"94,689.40",2024-03-03
223,HRL,2024030305000400,33,49,44.00,600.00,"26,400.00",2024-03-03
224,HRL,2024030305000401,33,85,20.00,600.00,"12,000.00",2024-03-03
225,HRL,2024030305000402,33,7,10.00,600.00,"6,000.00",2024-03-03
226,HRL,2024030305000403,33,85,20.00,600.00,"12,000.00",2024-03-03
227,HRL,2024030305000404,33,38,10.00,600.00,"6,000.00",2024-03-03
228,HRL,2024030305000405,33,49,30.00,600.00,"18,000.00",2024-03-03
229,HRL,2024030305000406,33,45,10.00,600.00,"6,000.00",2024-03-03
230,HRL,2024030305000407,33,49,50.00,600.00,"30,000.00",2024-03-03
231,HRL,2024030305000408,33,16,10.00,600.00,"6,000.00",2024-03-03
232,HRL,2024030305000409,33,39,30.00,600.00,"18,000.00",2024-03-03
233,HRL,2024030305000410,33,25,10.00,600.00,"6,000.00",2024-03-03
234,HRL,2024030305000411,33,42,20.00,600.00,"12,000.00",2024-03-03
235,HRL,2024030305000412,33,49,10.00,600.00,"6,000.00",2024-03-03
236,HRL,2024030305000413,33,41,10.00,600.00,"6,000.00",2024-03-03
237,HRL,2024030305000414,33,58,15.00,600.00,"9,000.00",2024-03-03
238,HRL,2024030305000415,33,44,40.00,600.00,"24,000.00",2024-03-03
239,HRL,2024030305000417,61,58,94.00,600.00,"56,400.00",2024-03-03
240,HRL,2024030305000419,61,59,10.00,600.00,"6,000.00",2024-03-03
241,HRL,2024030305000423,58,56,10.00,600.50,"6,005.00",2024-03-03
242,HRL,2024030305000424,61,44,20.00,600.00,"12,000.00",2024-03-03
243,HRL,2024030305000425,61,21,40.00,600.00,"24,000.00",2024-03-03
244,HRL,2024030305000426,61,58,10.00,600.00,"6,000.00",2024-03-03
245,HRL,2024030305000427,61,58,10.00,600.00,"6,000.00",2024-03-03
246,HRL,2024030305000428,61,58,30.00,600.00,"18,000.00",2024-03-03
247,HRL,2024030305000429,61,58,10.00,600.00,"6,000.00",2024-03-03
248,HRL,2024030305000430,53,56,10.00,600.50,"6,005.00",2024-03-03
249,HRL,2024030305000433,53,58,15.00,600.50,"9,007.50",2024-03-03
250,HRL,2024030305000440,61,41,10.00,600.00,"6,000.00",2024-03-03
251,HRL,2024030305000446,61,47,30.00,600.00,"18,000.00",2024-03-03
252,HRL,2024030305000447,61,16,20.00,600.00,"12,000.00",2024-03-03
253,HRL,2024030305000449,61,16,10.00,600.00,"6,000.00",2024-03-03
254,HRL,2024030305000450,61,38,10.00,600.00,"6,000.00",2024-03-03
255,HRL,2024030305000453,61,43,20.00,600.00,"12,000.00",2024-03-03
256,HRL,2024030305000454,61,57,30.00,600.00,"18,000.00",2024-03-03
257,HRL,2024030305000455,61,41,10.00,600.00,"6,000.00",2024-03-03
258,HRL,2024030305000457,19,21,30.00,600.90,"18,027.00",2024-03-03
259,HRL,2024030305000458,19,7,10.00,600.90,"6,009.00",2024-03-03
260,HRL,2024030305000459,61,36,10.00,600.00,"6,000.00",2024-03-03
261,HRL,2024030305000460,33,32,10.00,600.90,"6,009.00",2024-03-03
262,HRL,2024030305000463,33,81,10.00,600.90,"6,009.00",2024-03-03
263,HRL,2024030305000464,48,81,72.00,600.10,"43,207.20",2024-03-03
264,HRL,2024030305000465,61,81,126.00,600.00,"75,600.00",2024-03-03
265,HRL,2024030305000466,34,81,292.00,600.00,"175,200.00",2024-03-03
266,HRL,2024030305000468,34,39,10.00,600.00,"6,000.00",2024-03-03
267,HRL,2024030305000469,34,58,10.00,600.00,"6,000.00",2024-03-03
268,HRL,2024030305000470,33,42,10.00,601.00,"6,010.00",2024-03-03
269,HRL,2024030305000471,33,11,10.00,601.00,"6,010.00",2024-03-03
270,HRL,2024030305000472,34,65,88.00,600.00,"52,800.00",2024-03-03
271,HRL,2024030305000473,42,65,12.00,600.00,"7,200.00",2024-03-03
272,HRL,2024030305000474,42,41,18.00,600.00,"10,800.00",2024-03-03
273,HRL,2024030305000475,21,41,12.00,600.00,"7,200.00",2024-03-03
274,HRL,2024030305000476,16,58,20.00,600.00,"12,000.00",2024-03-03
275,HRL,2024030305000477,16,49,10.00,600.00,"6,000.00",2024-03-03
276,HRL,2024030305000478,16,49,10.00,600.00,"6,000.00",2024-03-03
277,HRL,2024030305000479,16,58,5.00,600.00,"3,000.00",2024-03-03
278,HRL,2024030305000483,48,57,10.00,600.00,"6,000.00",2024-03-03
279,HRL,2024030305000489,16,58,20.00,599.40,"11,988.00",2024-03-03
280,HRL,2024030305000490,21,58,10.00,599.20,"5,992.00",2024-03-03
281,HRL,2024030305000491,45,49,10.00,600.00,"6,000.00",2024-03-03
282,HRL,2024030305000492,1,26,50.00,599.10,"29,955.00",2024-03-03
283,HRL,2024030305000493,57,26,50.00,599.10,"29,955.00",2024-03-03
284,HRL,2024030305000495,57,44,20.00,599.10,"11,982.00",2024-03-03
285,HRL,2024030305000499,57,26,10.00,599.10,"5,991.00",2024-03-03
286,HRL,2024030305000500,48,91,160.00,600.00,"96,000.00",2024-03-03
287,HRL,2024030305000501,48,38,10.00,600.00,"6,000.00",2024-03-03
288,HRL,2024030305000502,48,3,507.00,600.00,"304,200.00",2024-03-03
289,HRL,2024030305000503,48,57,10.00,600.00,"6,000.00",2024-03-03
290,HRL,2024030305000504,48,22,10.00,600.00,"6,000.00",2024-03-03
291,HRL,2024030305000505,48,58,20.00,600.00,"12,000.00",2024-03-03
292,HRL,2024030305000506,48,59,20.00,600.00,"12,000.00",2024-03-03
293,HRL,2024030305000507,48,54,10.00,600.00,"6,000.00",2024-03-03
294,HRL,2024030305000510,48,45,10.00,599.20,"5,992.00",2024-03-03
295,HRL,2024030305000515,13,42,10.00,600.00,"6,000.00",2024-03-03
296,HRL,2024030305000521,8,49,10.00,600.00,"6,000.00",2024-03-03
297,HRL,2024030305000527,45,58,10.00,600.00,"6,000.00",2024-03-03
298,HRL,2024030305000528,36,45,10.00,599.30,"5,993.00",2024-03-03
299,HRL,2024030305000529,29,4,300.00,599.40,"179,820.00",2024-03-03
300,HRL,2024030305000530,36,4,90.00,599.30,"53,937.00",2024-03-03
301,HRL,2024030305000531,26,4,50.00,599.30,"29,965.00",2024-03-03
302,HRL,2024030305000532,34,4,50.00,599.30,"29,965.00",2024-03-03
303,HRL,2024030305000534,34,6,10.00,599.30,"5,993.00",2024-03-03
304,HRL,2024030305000535,34,58,10.00,599.30,"5,993.00",2024-03-03
305,HRL,2024030305000536,34,70,30.00,599.30,"17,979.00",2024-03-03
306,HRL,2024030305000539,56,52,10.00,599.30,"5,993.00",2024-03-03
307,HRL,2024030305000540,56,58,10.00,599.30,"5,993.00",2024-03-03
308,HRL,2024030305000543,56,49,10.00,599.30,"5,993.00",2024-03-03
309,HRL,2024030305000545,56,7,10.00,599.30,"5,993.00",2024-03-03
310,HRL,2024030305000551,56,58,10.00,599.30,"5,993.00",2024-03-03
311,HRL,2024030305000557,29,58,10.00,599.30,"5,993.00",2024-03-03
312,HRL,2024030305000561,29,85,20.00,599.30,"11,986.00",2024-03-03
313,HRL,2024030305000562,13,58,20.00,599.50,"11,990.00",2024-03-03
314,HRL,2024030305000563,29,58,80.00,599.30,"47,944.00",2024-03-03
315,HRL,2024030305000566,52,81,10.00,599.90,"5,999.00",2024-03-03
316,HRL,2024030305000567,33,81,20.00,599.90,"11,998.00",2024-03-03
317,HRL,2024030305000569,19,81,160.00,599.90,"95,984.00",2024-03-03
318,HRL,2024030305000573,42,38,10.00,599.50,"5,995.00",2024-03-03
319,HRL,2024030305000574,59,38,10.00,599.50,"5,995.00",2024-03-03
320,HRL,2024030305000575,56,43,50.00,600.00,"30,000.00",2024-03-03
321,HRL,2024030305000576,56,53,10.00,600.00,"6,000.00",2024-03-03
322,HRL,2024030305000577,56,22,10.00,600.00,"6,000.00",2024-03-03
323,HRL,2024030305000578,56,55,30.00,600.00,"18,000.00",2024-03-03
324,HRL,2024030305000579,56,14,10.00,600.00,"6,000.00",2024-03-03
325,HRL,2024030305000580,56,38,10.00,600.00,"6,000.00",2024-03-03
326,HRL,2024030305000581,4,4,50.00,599.90,"29,995.00",2024-03-03
327,HRL,2024030305000583,58,4,50.00,599.90,"29,995.00",2024-03-03
328,HRL,2024030305000584,58,32,20.00,599.90,"11,998.00",2024-03-03
329,HRL,2024030305000585,58,85,20.00,600.00,"12,000.00",2024-03-03
330,HRL,2024030305000586,40,58,20.00,600.00,"12,000.00",2024-03-03
331,HRL,2024030305000587,40,38,90.00,600.00,"54,000.00",2024-03-03
332,HRL,2024030305000588,40,35,10.00,600.00,"6,000.00",2024-03-03
333,HRL,2024030305000589,40,49,10.00,600.00,"6,000.00",2024-03-03
334,HRL,2024030305000590,40,54,10.00,600.00,"6,000.00",2024-03-03
335,HRL,2024030305000591,40,16,10.00,600.00,"6,000.00",2024-03-03
336,HRL,2024030305000592,40,38,30.00,600.00,"18,000.00",2024-03-03
337,HRL,2024030305000593,40,16,20.00,600.00,"12,000.00",2024-03-03
338,HRL,2024030305000594,40,59,10.00,600.00,"6,000.00",2024-03-03
339,HRL,2024030305000595,40,57,10.00,600.00,"6,000.00",2024-03-03
340,HRL,2024030305000596,40,58,40.00,600.00,"24,000.00",2024-03-03
341,HRL,2024030305000597,40,85,20.00,600.00,"12,000.00",2024-03-03
342,HRL,2024030305000598,40,38,10.00,600.00,"6,000.00",2024-03-03
343,HRL,2024030305000599,40,35,40.00,600.00,"24,000.00",2024-03-03
344,HRL,2024030305000600,6,45,10.00,600.10,"6,001.00",2024-03-03
345,HRL,2024030305000601,6,20,50.00,600.90,"30,045.00",2024-03-03
346,HRL,2024030305000602,6,85,20.00,601.00,"12,020.00",2024-03-03
347,HRL,2024030305000603,6,85,20.00,601.00,"12,020.00",2024-03-03
348,HRL,2024030305000604,40,53,10.00,600.00,"6,000.00",2024-03-03
349,HRL,2024030305000609,40,56,15.00,600.00,"9,000.00",2024-03-03
350,HRL,2024030305000610,25,56,10.00,600.00,"6,000.00",2024-03-03
351,HRL,2024030305000611,25,58,10.00,600.00,"6,000.00",2024-03-03
352,HRL,2024030305000612,4,58,50.00,600.00,"30,000.00",2024-03-03
353,HRL,2024030305000613,45,58,35.00,600.00,"21,000.00",2024-03-03
354,HRL,2024030305000614,45,56,5.00,600.00,"3,000.00",2024-03-03
355,HRL,2024030305000616,57,56,10.00,599.90,"5,999.00",2024-03-03
356,HRL,2024030305000617,45,47,10.00,600.00,"6,000.00",2024-03-03
357,HRL,2024030305000618,45,38,10.00,600.00,"6,000.00",2024-03-03
358,HRL,2024030305000619,45,45,10.00,600.00,"6,000.00",2024-03-03
359,HRL,2024030305000623,45,1,20.00,600.00,"12,000.00",2024-03-03
360,HRL,2024030305000625,45,14,10.00,600.00,"6,000.00",2024-03-03
361,HRL,2024030305000627,45,35,10.00,600.00,"6,000.00",2024-03-03
362,HRL,2024030305000628,45,58,10.00,600.00,"6,000.00",2024-03-03
363,HRL,2024030305000630,45,21,20.00,600.00,"12,000.00",2024-03-03
364,HRL,2024030305000632,45,22,20.00,600.00,"12,000.00",2024-03-03
365,HRL,2024030305000633,45,51,20.00,600.00,"12,000.00",2024-03-03
366,HRL,2024030305000634,45,38,10.00,600.00,"6,000.00",2024-03-03
367,HRL,2024030305000635,45,81,100.00,600.00,"60,000.00",2024-03-03
368,HRL,2024030305000641,45,45,50.00,600.00,"30,000.00",2024-03-03
369,HRL,2024030305000642,94,45,50.00,600.00,"30,000.00",2024-03-03
370,HRL,2024030305000643,94,21,50.00,600.00,"30,000.00",2024-03-03
371,HRL,2024030305000644,38,21,50.00,600.00,"30,000.00",2024-03-03
372,HRL,2024030305000650,38,21,30.00,600.00,"18,000.00",2024-03-03
373,HRL,2024030305000651,38,35,20.00,600.00,"12,000.00",2024-03-03
374,HRL,2024030305000653,38,21,20.00,600.00,"12,000.00",2024-03-03
375,HRL,2024030305000655,38,49,10.00,600.00,"6,000.00",2024-03-03
376,HRL,2024030305000656,38,56,20.00,600.00,"12,000.00",2024-03-03
377,HRL,2024030305000657,45,45,10.00,600.00,"6,000.00",2024-03-03
378,HRL,2024030305000658,48,45,10.00,600.00,"6,000.00",2024-03-03
379,HRL,2024030305000659,48,41,10.00,600.00,"6,000.00",2024-03-03
380,HRL,2024030305000660,48,16,10.00,600.00,"6,000.00",2024-03-03
381,HRL,2024030305000662,48,56,10.00,600.00,"6,000.00",2024-03-03
382,HRL,2024030305000663,48,4,20.00,600.00,"12,000.00",2024-03-03
383,HRL,2024030305000665,48,7,10.00,600.00,"6,000.00",2024-03-03
384,HRL,2024030305000666,48,52,10.00,600.00,"6,000.00",2024-03-03
385,HRL,2024030305000667,48,56,20.00,600.00,"12,000.00",2024-03-03
386,HRL,2024030305000668,48,6,10.00,600.00,"6,000.00",2024-03-03
387,HRL,2024030305000669,48,34,10.00,600.00,"6,000.00",2024-03-03
388,HRL,2024030305000670,48,38,10.00,600.00,"6,000.00",2024-03-03
389,HRL,2024030305000678,61,38,20.00,601.00,"12,020.00",2024-03-03
390,HRL,2024030305000679,61,56,20.00,601.00,"12,020.00",2024-03-03
391,HRL,2024030305000680,61,41,10.00,601.00,"6,010.00",2024-03-03
392,HRL,2024030305000683,48,8,10.00,600.00,"6,000.00",2024-03-03
393,HRL,2024030305000685,48,21,10.00,600.00,"6,000.00",2024-03-03
394,HRL,2024030305000687,57,19,40.00,600.10,"24,004.00",2024-03-03
395,HRL,2024030305000689,11,85,20.00,601.00,"12,020.00",2024-03-03
396,HRL,2024030305000690,11,8,20.00,601.00,"12,020.00",2024-03-03
397,HRL,2024030305000691,11,25,60.00,601.00,"36,060.00",2024-03-03
398,HRL,2024030305000692,13,25,40.00,601.00,"24,040.00",2024-03-03
399,HRL,2024030305000693,13,85,10.00,601.00,"6,010.00",2024-03-03
400,HRL,2024030305000694,13,44,10.00,601.00,"6,010.00",2024-03-03
401,HRL,2024030305000695,13,85,20.00,601.00,"12,020.00",2024-03-03
402,HRL,2024030305000696,13,42,10.00,601.00,"6,010.00",2024-03-03
403,HRL,2024030305000701,13,8,20.00,601.00,"12,020.00",2024-03-03
404,HRL,2024030305000702,46,21,10.00,601.00,"6,010.00",2024-03-03
405,HRL,2024030305000703,46,45,10.00,601.00,"6,010.00",2024-03-03
406,HRL,2024030305000704,46,6,10.00,601.00,"6,010.00",2024-03-03
407,HRL,2024030305000706,19,6,20.00,601.00,"12,020.00",2024-03-03
408,HRL,2024030305000707,42,7,10.00,601.90,"6,019.00",2024-03-03
409,HRL,2024030305000708,42,59,20.00,601.90,"12,038.00",2024-03-03
410,HRL,2024030305000713,19,62,10.00,601.00,"6,010.00",2024-03-03
411,HRL,2024030305000716,13,20,10.00,602.00,"6,020.00",2024-03-03
412,HRL,2024030305000717,13,14,20.00,602.00,"12,040.00",2024-03-03
413,HRL,2024030305000718,13,88,29.00,602.00,"17,458.00",2024-03-03
414,HRL,2024030305000719,48,16,30.00,602.00,"18,060.00",2024-03-03
415,HRL,2024030305000720,48,35,10.00,602.00,"6,020.00",2024-03-03
416,HRL,2024030305000721,48,62,10.00,602.00,"6,020.00",2024-03-03
417,HRL,2024030305000723,57,21,10.00,601.30,"6,013.00",2024-03-03
418,HRL,2024030305000724,16,25,10.00,602.00,"6,020.00",2024-03-03
419,HRL,2024030305000725,16,45,10.00,602.00,"6,020.00",2024-03-03
420,HRL,2024030305000726,16,7,10.00,602.00,"6,020.00",2024-03-03
421,HRL,2024030305000727,16,42,10.00,602.00,"6,020.00",2024-03-03
422,HRL,2024030305000729,57,58,10.00,601.30,"6,013.00",2024-03-03
423,HRL,2024030305000730,57,36,10.00,601.30,"6,013.00",2024-03-03
424,HRL,2024030305000731,57,11,20.00,601.30,"12,026.00",2024-03-03
425,HRL,2024030305000732,57,21,10.00,601.30,"6,013.00",2024-03-03
426,HRL,2024030305000733,57,14,10.00,601.30,"6,013.00",2024-03-03
427,HRL,2024030305000735,26,45,10.00,602.00,"6,020.00",2024-03-03
428,HRL,2024030305000736,26,16,20.00,602.00,"12,040.00",2024-03-03
429,HRL,2024030305000737,26,53,10.00,602.00,"6,020.00",2024-03-03
430,HRL,2024030305000740,26,21,10.00,602.00,"6,020.00",2024-03-03
431,HRL,2024030305000741,26,49,30.00,602.00,"18,060.00",2024-03-03
432,HRL,2024030305000742,26,49,20.00,602.00,"12,040.00",2024-03-03
433,HRL,2024030305000743,57,28,20.00,601.30,"12,026.00",2024-03-03
434,HRL,2024030305000746,57,49,20.00,601.30,"12,026.00",2024-03-03
435,HRL,2024030305000751,57,6,10.00,601.30,"6,013.00",2024-03-03
436,HRL,2024030305000758,57,49,10.00,601.30,"6,013.00",2024-03-03
437,HRL,2024030305000759,57,57,20.00,601.30,"12,026.00",2024-03-03
438,HRL,2024030305000760,57,21,10.00,601.20,"6,012.00",2024-03-03
439,HRL,2024030305000762,34,6,10.00,601.30,"6,013.00",2024-03-03
440,HRL,2024030305000764,34,52,10.00,601.30,"6,013.00",2024-03-03
441,HRL,2024030305000765,34,6,10.00,601.30,"6,013.00",2024-03-03
442,HRL,2024030305000766,34,21,10.00,601.30,"6,013.00",2024-03-03
443,HRL,2024030305000767,34,34,10.00,601.30,"6,013.00",2024-03-03
444,HRL,2024030305000768,48,57,10.00,601.50,"6,015.00",2024-03-03
445,HRL,2024030305000769,34,14,10.00,601.30,"6,013.00",2024-03-03
446,HRL,2024030305000770,34,49,10.00,601.30,"6,013.00",2024-03-03
447,HRL,2024030305000771,34,6,10.00,601.30,"6,013.00",2024-03-03
448,HRL,2024030305000773,34,26,20.00,601.30,"12,026.00",2024-03-03
449,HRL,2024030305000774,38,26,80.00,601.30,"48,104.00",2024-03-03
450,HRL,2024030305000775,45,3,100.00,601.90,"60,190.00",2024-03-03
451,HRL,2024030305000776,45,49,80.00,602.00,"48,160.00",2024-03-03
452,HRL,2024030305000777,45,76,400.00,602.00,"240,800.00",2024-03-03
453,HRL,2024030305000779,38,14,10.00,601.30,"6,013.00",2024-03-03
454,HRL,2024030305000780,34,76,65.00,602.00,"39,130.00",2024-03-03
455,HRL,2024030305000781,38,48,10.00,601.30,"6,013.00",2024-03-03
456,HRL,2024030305000783,38,35,10.00,601.30,"6,013.00",2024-03-03
457,HRL,2024030305000788,5,49,30.00,601.50,"18,045.00",2024-03-03
458,HRL,2024030305000790,5,6,10.00,601.50,"6,015.00",2024-03-03
459,HRL,2024030305000797,42,76,20.00,602.00,"12,040.00",2024-03-03
460,HRL,2024030305000798,5,45,10.00,601.50,"6,015.00",2024-03-03
461,HRL,2024030305000799,5,6,10.00,601.50,"6,015.00",2024-03-03
462,HRL,2024030305000800,5,49,20.00,601.50,"12,030.00",2024-03-03
463,HRL,2024030305000804,5,17,10.00,601.50,"6,015.00",2024-03-03
464,HRL,2024030305000805,5,10,30.00,601.50,"18,045.00",2024-03-03
465,HRL,2024030305000808,5,35,10.00,601.50,"6,015.00",2024-03-03
466,HRL,2024030305000811,5,5,10.00,601.50,"6,015.00",2024-03-03
467,HRL,2024030305000813,5,6,10.00,601.50,"6,015.00",2024-03-03
468,HRL,2024030305000814,5,53,10.00,601.50,"6,015.00",2024-03-03
469,HRL,2024030305000815,5,22,10.00,601.50,"6,015.00",2024-03-03
470,HRL,2024030305000817,5,58,10.00,601.50,"6,015.00",2024-03-03
471,HRL,2024030305000818,5,34,10.00,601.50,"6,015.00",2024-03-03
472,HRL,2024030305000824,5,42,10.00,601.50,"6,015.00",2024-03-03
473,HRL,2024030305000825,38,39,10.00,601.30,"6,013.00",2024-03-03
474,HRL,2024030305000827,38,34,50.00,601.30,"30,065.00",2024-03-03
475,HRL,2024030305000828,38,38,10.00,601.30,"6,013.00",2024-03-03
476,HRL,2024030305000829,38,43,20.00,601.30,"12,026.00",2024-03-03
477,HRL,2024030305000830,6,13,20.00,601.30,"12,026.00",2024-03-03
478,HRL,2024030305000831,6,42,20.00,601.50,"12,030.00",2024-03-03
479,HRL,2024030305000832,6,58,10.00,601.50,"6,015.00",2024-03-03
480,HRL,2024030305000833,6,22,20.00,601.50,"12,030.00",2024-03-03
481,HRL,2024030305000837,6,35,20.00,601.50,"12,030.00",2024-03-03
482,HRL,2024030305000839,6,38,10.00,601.50,"6,015.00",2024-03-03
483,HRL,2024030305000840,6,18,10.00,601.50,"6,015.00",2024-03-03
484,HRL,2024030305000841,6,38,50.00,601.50,"30,075.00",2024-03-03
485,HRL,2024030305000844,6,28,40.00,601.50,"24,060.00",2024-03-03
486,HRL,2024030305000845,34,28,100.00,601.30,"60,130.00",2024-03-03
487,HRL,2024030305000846,57,28,490.00,601.20,"294,588.00",2024-03-03
488,HRL,2024030305000847,57,28,150.00,601.20,"90,180.00",2024-03-03
489,HRL,2024030305000848,19,28,20.00,601.00,"12,020.00",2024-03-03
490,HRL,2024030305000849,57,28,100.00,601.00,"60,100.00",2024-03-03
491,HRL,2024030305000850,57,28,20.00,601.00,"12,020.00",2024-03-03
492,HRL,2024030305000851,39,28,100.00,601.00,"60,100.00",2024-03-03
493,HRL,2024030305000852,57,28,110.00,600.50,"66,055.00",2024-03-03
494,HRL,2024030305000853,19,28,220.00,600.50,"132,110.00",2024-03-03
495,HRL,2024030305000854,55,28,200.00,600.20,"120,040.00",2024-03-03
496,HRL,2024030305000855,57,28,150.00,600.10,"90,015.00",2024-03-03
497,HRL,2024030305000856,48,28,300.00,600.00,"180,000.00",2024-03-03
498,HRL,2024030305000858,48,53,10.00,600.00,"6,000.00",2024-03-03
499,HRL,2024030305000859,70,18,10.00,601.00,"6,010.00",2024-03-03
500,HRL,2024030305000863,70,3,30.00,601.50,"18,045.00",2024-03-03
501,HRL,2024030305000864,58,3,10.00,601.00,"6,010.00",2024-03-03
502,HRL,2024030305000865,48,3,360.00,600.00,"216,000.00",2024-03-03
503,HRL,2024030305000867,1,18,10.00,601.00,"6,010.00",2024-03-03
504,HRL,2024030305000868,74,55,10.00,601.00,"6,010.00",2024-03-03
505,HRL,2024030305000869,74,87,10.00,601.00,"6,010.00",2024-03-03
506,HRL,2024030305000871,74,57,30.00,601.00,"18,030.00",2024-03-03
507,HRL,2024030305000872,74,49,30.00,601.00,"18,030.00",2024-03-03
508,HRL,2024030305000873,45,76,15.00,602.00,"9,030.00",2024-03-03
509,HRL,2024030305000874,45,34,20.00,602.00,"12,040.00",2024-03-03
510,HRL,2024030305000875,45,45,20.00,602.00,"12,040.00",2024-03-03
511,HRL,2024030305000876,45,49,10.00,602.00,"6,020.00",2024-03-03
512,HRL,2024030305000877,45,11,30.00,602.00,"18,060.00",2024-03-03
513,HRL,2024030305000879,74,16,20.00,601.00,"12,020.00",2024-03-03
514,HRL,2024030305000882,91,38,10.00,600.20,"6,002.00",2024-03-03
515,HRL,2024030305000885,91,58,100.00,600.20,"60,020.00",2024-03-03
516,HRL,2024030305000888,58,16,300.00,601.00,"180,300.00",2024-03-03
517,HRL,2024030305000889,91,18,10.00,600.20,"6,002.00",2024-03-03
518,HRL,2024030305000890,91,1,10.00,600.20,"6,002.00",2024-03-03
519,HRL,2024030305000891,91,48,10.00,600.20,"6,002.00",2024-03-03
520,HRL,2024030305000892,19,16,180.00,601.00,"108,180.00",2024-03-03
521,HRL,2024030305000893,91,18,10.00,600.20,"6,002.00",2024-03-03
522,HRL,2024030305000896,46,42,10.00,601.00,"6,010.00",2024-03-03
523,HRL,2024030305000897,34,44,100.00,600.50,"60,050.00",2024-03-03
524,HRL,2024030305000898,91,44,50.00,600.20,"30,010.00",2024-03-03
525,HRL,2024030305000899,37,44,60.00,600.20,"36,012.00",2024-03-03
526,HRL,2024030305000900,57,44,500.00,600.10,"300,050.00",2024-03-03
527,HRL,2024030305000901,19,44,200.00,600.10,"120,020.00",2024-03-03
528,HRL,2024030305000902,16,44,200.00,600.10,"120,020.00",2024-03-03
529,HRL,2024030305000903,48,44,180.00,600.00,"108,000.00",2024-03-03
530,HRL,2024030305000904,36,44,100.00,600.00,"60,000.00",2024-03-03
531,HRL,2024030305000905,42,44,79.00,600.00,"47,400.00",2024-03-03
532,HRL,2024030305000906,13,44,20.00,600.00,"12,000.00",2024-03-03
533,HRL,2024030305000907,44,44,100.00,600.00,"60,000.00",2024-03-03
534,HRL,2024030305000908,26,44,10.00,600.00,"6,000.00",2024-03-03
535,HRL,2024030305000909,56,44,100.00,600.00,"60,000.00",2024-03-03
536,HRL,2024030305000910,14,44,80.00,600.00,"48,000.00",2024-03-03
537,HRL,2024030305000911,38,44,500.00,600.00,"300,000.00",2024-03-03
538,HRL,2024030305000912,34,44,100.00,600.00,"60,000.00",2024-03-03
539,HRL,2024030305000913,29,44,50.00,600.00,"30,000.00",2024-03-03
540,HRL,2024030305000914,44,44,550.00,600.00,"330,000.00",2024-03-03
541,HRL,2024030305000915,21,44,21.00,600.00,"12,600.00",2024-03-03
542,HRL,2024030305000916,3,58,10.00,599.80,"5,998.00",2024-03-03
543,HRL,2024030305000917,3,32,10.00,599.80,"5,998.00",2024-03-03
544,HRL,2024030305000920,48,38,25.00,600.00,"15,000.00",2024-03-03
545,HRL,2024030305000921,3,4,80.00,599.80,"47,984.00",2024-03-03
546,HRL,2024030305000922,29,4,20.00,599.70,"11,994.00",2024-03-03
547,HRL,2024030305000926,53,49,30.00,599.80,"17,994.00",2024-03-03
548,HRL,2024030305000929,53,8,10.00,599.80,"5,998.00",2024-03-03
549,HRL,2024030305000932,13,19,10.00,599.90,"5,999.00",2024-03-03
550,HRL,2024030305000933,3,45,10.00,600.00,"6,000.00",2024-03-03
551,HRL,2024030305000934,3,59,15.00,600.00,"9,000.00",2024-03-03
552,HRL,2024030305000941,13,42,20.00,599.90,"11,998.00",2024-03-03
553,HRL,2024030305000942,53,42,10.00,599.80,"5,998.00",2024-03-03
554,HRL,2024030305000943,1,42,50.00,599.80,"29,990.00",2024-03-03
555,HRL,2024030305000944,29,42,30.00,599.70,"17,991.00",2024-03-03
556,HRL,2024030305000946,71,58,10.00,600.00,"6,000.00",2024-03-03
557,HRL,2024030305000947,71,38,25.00,600.00,"15,000.00",2024-03-03
558,HRL,2024030305000948,71,21,20.00,600.00,"12,000.00",2024-03-03
559,HRL,2024030305000953,71,48,110.00,600.00,"66,000.00",2024-03-03
560,HRL,2024030305000957,57,35,100.00,600.10,"60,010.00",2024-03-03
561,HRL,2024030305000958,57,13,10.00,600.10,"6,001.00",2024-03-03
562,HRL,2024030305000959,57,45,10.00,600.10,"6,001.00",2024-03-03
563,HRL,2024030305000962,16,28,10.00,600.50,"6,005.00",2024-03-03
564,HRL,2024030305000963,16,58,10.00,600.50,"6,005.00",2024-03-03
565,HRL,2024030305000964,16,36,10.00,600.50,"6,005.00",2024-03-03
566,HRL,2024030305000965,16,35,10.00,600.50,"6,005.00",2024-03-03
567,HRL,2024030305000966,3,22,20.00,601.50,"12,030.00",2024-03-03
568,HRL,2024030305000967,3,42,170.00,602.00,"102,340.00",2024-03-03
569,HRL,2024030305000968,3,47,10.00,602.00,"6,020.00",2024-03-03
570,HRL,2024030305000969,3,21,30.00,602.00,"18,060.00",2024-03-03
571,HRL,2024030305000970,3,4,10.00,602.00,"6,020.00",2024-03-03
572,HRL,2024030305000971,3,35,20.00,602.00,"12,040.00",2024-03-03
573,HRL,2024030305000972,3,38,10.00,602.00,"6,020.00",2024-03-03
574,HRL,2024030305000973,3,4,20.00,602.00,"12,040.00",2024-03-03
575,HRL,2024030305000974,3,34,10.00,602.00,"6,020.00",2024-03-03
576,HRL,2024030305000975,3,57,10.00,602.00,"6,020.00",2024-03-03
577,HRL,2024030305000976,3,6,10.00,602.00,"6,020.00",2024-03-03
578,HRL,2024030305000977,3,58,10.00,602.00,"6,020.00",2024-03-03
579,HRL,2024030305000978,3,25,10.00,602.00,"6,020.00",2024-03-03
580,HRL,2024030305000979,3,58,10.00,602.00,"6,020.00",2024-03-03
581,HRL,2024030305000980,16,80,40.00,600.50,"24,020.00",2024-03-03
582,HRL,2024030305000987,83,49,10.00,602.00,"6,020.00",2024-03-03
583,HRL,2024030305000988,83,35,10.00,602.00,"6,020.00",2024-03-03
584,HRL,2024030305000989,83,42,10.00,602.00,"6,020.00",2024-03-03
585,HRL,2024030305000997,83,38,100.00,602.00,"60,200.00",2024-03-03
586,HRL,2024030305000998,83,53,10.00,602.00,"6,020.00",2024-03-03
587,HRL,2024030305000999,72,42,30.00,602.50,"18,075.00",2024-03-03
588,HRL,2024030305001000,72,49,30.00,602.90,"18,087.00",2024-03-03
589,HRL,2024030305001001,72,46,10.00,602.90,"6,029.00",2024-03-03
590,HRL,2024030305001002,72,48,120.00,603.00,"72,360.00",2024-03-03
591,HRL,2024030305001003,72,11,10.00,603.00,"6,030.00",2024-03-03
592,HRL,2024030305001004,72,51,20.00,603.00,"12,060.00",2024-03-03
593,HRL,2024030305001005,72,58,20.00,603.00,"12,060.00",2024-03-03
594,HRL,2024030305001006,72,58,10.00,603.00,"6,030.00",2024-03-03
595,HRL,2024030305001007,72,58,20.00,603.00,"12,060.00",2024-03-03
596,HRL,2024030305001008,72,57,10.00,603.00,"6,030.00",2024-03-03
597,HRL,2024030305001009,72,58,10.00,603.00,"6,030.00",2024-03-03
598,HRL,2024030305001010,72,57,10.00,603.00,"6,030.00",2024-03-03
599,HRL,2024030305001011,83,49,10.00,602.00,"6,020.00",2024-03-03
600,HRL,2024030305001012,72,32,20.00,602.70,"12,054.00",2024-03-03
601,HRL,2024030305001013,72,29,20.00,603.00,"12,060.00",2024-03-03
602,HRL,2024030305001014,33,32,10.00,602.50,"6,025.00",2024-03-03
603,HRL,2024030305001020,33,35,20.00,602.50,"12,050.00",2024-03-03
604,HRL,2024030305001021,16,35,60.00,602.50,"36,150.00",2024-03-03
605,HRL,2024030305001022,53,58,10.00,602.60,"6,026.00",2024-03-03
606,HRL,2024030305001029,53,32,10.00,602.60,"6,026.00",2024-03-03
607,HRL,2024030305001030,53,22,10.00,602.60,"6,026.00",2024-03-03
608,HRL,2024030305001031,39,42,30.00,603.00,"18,090.00",2024-03-03
609,HRL,2024030305001032,39,42,40.00,603.00,"24,120.00",2024-03-03
610,HRL,2024030305001033,39,58,10.00,604.00,"6,040.00",2024-03-03
611,HRL,2024030305001034,39,20,10.00,604.00,"6,040.00",2024-03-03
612,HRL,2024030305001035,39,50,10.00,604.00,"6,040.00",2024-03-03
613,HRL,2024030305001036,39,46,10.00,604.00,"6,040.00",2024-03-03
614,HRL,2024030305001037,39,85,20.00,604.00,"12,080.00",2024-03-03
615,HRL,2024030305001038,39,42,10.00,604.00,"6,040.00",2024-03-03
616,HRL,2024030305001039,39,6,10.00,604.00,"6,040.00",2024-03-03
617,HRL,2024030305001040,39,1,10.00,604.00,"6,040.00",2024-03-03
618,HRL,2024030305001041,39,35,20.00,604.00,"12,080.00",2024-03-03
619,HRL,2024030305001042,39,11,10.00,604.00,"6,040.00",2024-03-03
620,HRL,2024030305001043,39,41,10.00,604.40,"6,044.00",2024-03-03
621,HRL,2024030305001044,39,28,181.00,605.00,"109,505.00",2024-03-03
622,HRL,2024030305001045,39,35,10.00,605.00,"6,050.00",2024-03-03
623,HRL,2024030305001046,39,34,10.00,605.00,"6,050.00",2024-03-03
624,HRL,2024030305001047,39,55,20.00,605.00,"12,100.00",2024-03-03
625,HRL,2024030305001048,39,59,20.00,605.00,"12,100.00",2024-03-03
626,HRL,2024030305001049,39,49,30.00,605.00,"18,150.00",2024-03-03
627,HRL,2024030305001050,39,48,10.00,605.00,"6,050.00",2024-03-03
628,HRL,2024030305001051,39,66,19.00,605.00,"11,495.00",2024-03-03
629,HRL,2024030305001054,48,58,20.00,603.00,"12,060.00",2024-03-03
630,HRL,2024030305001058,14,45,30.00,603.00,"18,090.00",2024-03-03
631,HRL,2024030305001061,14,58,40.00,603.00,"24,120.00",2024-03-03
632,HRL,2024030305001063,53,58,10.00,603.10,"6,031.00",2024-03-03
633,HRL,2024030305001064,53,51,10.00,603.10,"6,031.00",2024-03-03
634,HRL,2024030305001066,58,35,20.00,603.20,"12,064.00",2024-03-03
635,HRL,2024030305001067,53,58,10.00,603.10,"6,031.00",2024-03-03
636,HRL,2024030305001068,53,34,10.00,603.10,"6,031.00",2024-03-03
637,HRL,2024030305001070,53,14,10.00,603.10,"6,031.00",2024-03-03
638,HRL,2024030305001071,21,58,30.00,604.00,"18,120.00",2024-03-03
639,HRL,2024030305001072,21,38,10.00,604.00,"6,040.00",2024-03-03
640,HRL,2024030305001077,21,32,10.00,604.00,"6,040.00",2024-03-03
641,HRL,2024030305001081,16,58,15.00,603.20,"9,048.00",2024-03-03
642,HRL,2024030305001085,14,56,10.00,603.00,"6,030.00",2024-03-03
643,HRL,2024030305001089,14,57,10.00,603.00,"6,030.00",2024-03-03
644,HRL,2024030305001090,14,35,10.00,603.00,"6,030.00",2024-03-03
645,HRL,2024030305001091,51,4,20.00,603.00,"12,060.00",2024-03-03
646,HRL,2024030305001092,51,49,10.00,603.00,"6,030.00",2024-03-03
647,HRL,2024030305001093,51,58,20.00,603.00,"12,060.00",2024-03-03
648,HRL,2024030305001094,45,32,10.00,602.70,"6,027.00",2024-03-03
649,HRL,2024030305001095,45,6,10.00,602.70,"6,027.00",2024-03-03
650,HRL,2024030305001097,45,57,10.00,602.70,"6,027.00",2024-03-03
651,HRL,2024030305001101,45,32,10.00,602.70,"6,027.00",2024-03-03
652,HRL,2024030305001103,45,35,30.00,602.70,"18,081.00",2024-03-03
653,HRL,2024030305001108,53,32,10.00,602.80,"6,028.00",2024-03-03
654,HRL,2024030305001111,53,32,10.00,602.80,"6,028.00",2024-03-03
655,HRL,2024030305001112,53,42,10.00,602.80,"6,028.00",2024-03-03
656,HRL,2024030305001115,53,33,10.00,602.80,"6,028.00",2024-03-03
657,HRL,2024030305001128,21,57,10.00,603.00,"6,030.00",2024-03-03
658,HRL,2024030305001129,21,53,10.00,603.00,"6,030.00",2024-03-03
659,HRL,2024030305001139,53,32,10.00,602.80,"6,028.00",2024-03-03
660,HRL,2024030305001140,16,58,10.00,602.80,"6,028.00",2024-03-03
661,HRL,2024030305001145,16,49,10.00,602.80,"6,028.00",2024-03-03
662,HRL,2024030305001147,16,21,10.00,602.80,"6,028.00",2024-03-03
663,HRL,2024030305001151,16,81,30.00,602.80,"18,084.00",2024-03-03
664,HRL,2024030305001154,53,51,20.00,602.90,"12,058.00",2024-03-03
665,HRL,2024030305001155,53,17,10.00,602.90,"6,029.00",2024-03-03
666,HRL,2024030305001174,53,3,20.00,602.90,"12,058.00",2024-03-03
667,HRL,2024030305001175,16,3,300.00,602.80,"180,840.00",2024-03-03
668,HRL,2024030305001177,45,58,40.00,602.70,"24,108.00",2024-03-03
669,HRL,2024030305001178,45,17,10.00,602.70,"6,027.00",2024-03-03
670,HRL,2024030305001179,58,29,250.00,602.90,"150,725.00",2024-03-03
671,HRL,2024030305001180,45,49,20.00,602.70,"12,054.00",2024-03-03
672,HRL,2024030305001181,45,29,10.00,602.70,"6,027.00",2024-03-03
673,HRL,2024030305001182,45,21,10.00,602.70,"6,027.00",2024-03-03
674,HRL,2024030305001184,45,32,10.00,602.70,"6,027.00",2024-03-03
675,HRL,2024030305001185,45,32,10.00,602.70,"6,027.00",2024-03-03
676,HRL,2024030305001186,45,55,20.00,602.70,"12,054.00",2024-03-03
677,HRL,2024030305001187,41,21,30.00,602.00,"18,060.00",2024-03-03
678,HRL,2024030305001188,41,29,250.00,602.90,"150,725.00",2024-03-03
679,HRL,2024030305001189,41,22,10.00,602.90,"6,029.00",2024-03-03
680,HRL,2024030305001190,41,51,30.00,602.90,"18,087.00",2024-03-03
681,HRL,2024030305001192,41,32,10.00,602.90,"6,029.00",2024-03-03
682,HRL,2024030305001193,41,34,20.00,602.90,"12,058.00",2024-03-03
683,HRL,2024030305001194,41,35,30.00,602.90,"18,087.00",2024-03-03
684,HRL,2024030305001195,41,58,10.00,602.90,"6,029.00",2024-03-03
685,HRL,2024030305001196,41,41,110.00,602.90,"66,319.00",2024-03-03
686,HRL,2024030305001197,34,41,90.00,601.00,"54,090.00",2024-03-03
687,HRL,2024030305001199,34,58,10.00,601.00,"6,010.00",2024-03-03
688,HRL,2024030305001200,41,58,10.00,600.50,"6,005.00",2024-03-03
689,HRL,2024030305001207,53,58,20.00,600.60,"12,012.00",2024-03-03
690,HRL,2024030305001208,53,18,10.00,600.60,"6,006.00",2024-03-03
691,HRL,2024030305001209,53,58,10.00,600.60,"6,006.00",2024-03-03
692,HRL,2024030305001213,53,57,10.00,600.60,"6,006.00",2024-03-03
693,HRL,2024030305001215,41,6,20.00,600.50,"12,010.00",2024-03-03
694,HRL,2024030305001218,41,49,10.00,600.50,"6,005.00",2024-03-03
695,HRL,2024030305001219,41,57,20.00,600.50,"12,010.00",2024-03-03
696,HRL,2024030305001220,41,28,590.00,600.50,"354,295.00",2024-03-03
697,HRL,2024030305001221,53,28,10.00,600.50,"6,005.00",2024-03-03
698,HRL,2024030305001222,7,28,200.00,600.50,"120,100.00",2024-03-03
699,HRL,2024030305001223,3,28,150.00,600.20,"90,030.00",2024-03-03
700,HRL,2024030305001224,57,28,280.00,600.10,"168,028.00",2024-03-03
701,HRL,2024030305001225,41,28,500.00,600.10,"300,050.00",2024-03-03
702,HRL,2024030305001226,71,28,335.00,600.00,"201,000.00",2024-03-03
703,HRL,2024030305001227,81,28,500.00,600.00,"300,000.00",2024-03-03
704,HRL,2024030305001228,55,28,20.00,600.00,"12,000.00",2024-03-03
705,HRL,2024030305001229,21,28,10.00,600.00,"6,000.00",2024-03-03
706,HRL,2024030305001230,47,28,50.00,600.00,"30,000.00",2024-03-03
707,HRL,2024030305001231,38,28,200.00,600.00,"120,000.00",2024-03-03
708,HRL,2024030305001232,61,28,155.00,600.00,"93,000.00",2024-03-03
709,HRL,2024030305001237,61,21,30.00,600.00,"18,000.00",2024-03-03
710,HRL,2024030305001242,29,4,100.00,600.10,"60,010.00",2024-03-03
711,HRL,2024030305001243,29,38,10.00,600.10,"6,001.00",2024-03-03
712,HRL,2024030305001244,29,21,30.00,600.10,"18,003.00",2024-03-03
713,HRL,2024030305001246,29,46,20.00,600.10,"12,002.00",2024-03-03
714,HRL,2024030305001247,29,58,40.00,600.10,"24,004.00",2024-03-03
715,HRL,2024030305001251,29,34,20.00,600.10,"12,002.00",2024-03-03
716,HRL,2024030305001259,29,49,280.00,600.10,"168,028.00",2024-03-03
717,HRL,2024030305001260,55,49,10.00,600.00,"6,000.00",2024-03-03
718,HRL,2024030305001261,26,49,10.00,600.00,"6,000.00",2024-03-03
719,HRL,2024030305001262,56,49,40.00,600.00,"24,000.00",2024-03-03
720,HRL,2024030305001265,22,45,10.00,600.00,"6,000.00",2024-03-03
721,HRL,2024030305001266,22,54,10.00,600.00,"6,000.00",2024-03-03
722,HRL,2024030305001267,39,21,25.00,600.00,"15,000.00",2024-03-03
723,HRL,2024030305001278,57,21,10.00,600.00,"6,000.00",2024-03-03
724,HRL,2024030305001281,57,45,35.00,600.00,"21,000.00",2024-03-03
725,HRL,2024030305001282,57,38,30.00,600.00,"18,000.00",2024-03-03
726,HRL,2024030305001283,57,49,10.00,600.00,"6,000.00",2024-03-03
727,HRL,2024030305001284,57,33,10.00,600.00,"6,000.00",2024-03-03
728,HRL,2024030305001285,57,59,5.00,600.00,"3,000.00",2024-03-03
729,HRL,2024030305001294,29,21,30.00,599.70,"17,991.00",2024-03-03
730,HRL,2024030305001307,29,55,10.00,599.70,"5,997.00",2024-03-03
731,HRL,2024030305001310,29,58,30.00,599.70,"17,991.00",2024-03-03
732,HRL,2024030305001311,29,49,10.00,599.70,"5,997.00",2024-03-03
733,HRL,2024030305001312,42,54,10.00,600.00,"6,000.00",2024-03-03
734,HRL,2024030305001313,42,50,10.00,600.00,"6,000.00",2024-03-03
735,HRL,2024030305001314,29,55,20.00,599.70,"11,994.00",2024-03-03
736,HRL,2024030305001315,34,47,20.00,599.70,"11,994.00",2024-03-03
737,HRL,2024030305001316,34,49,30.00,599.70,"17,991.00",2024-03-03
738,HRL,2024030305001320,16,47,10.00,599.80,"5,998.00",2024-03-03
739,HRL,2024030305001321,16,58,10.00,599.80,"5,998.00",2024-03-03
740,HRL,2024030305001329,94,17,100.00,600.00,"60,000.00",2024-03-03
741,HRL,2024030305001331,16,47,10.00,599.80,"5,998.00",2024-03-03
742,HRL,2024030305001340,22,54,10.00,600.00,"6,000.00",2024-03-03
743,HRL,2024030305001341,42,58,20.00,599.80,"11,996.00",2024-03-03
744,HRL,2024030305001342,34,58,10.00,599.70,"5,997.00",2024-03-03
745,HRL,2024030305001345,34,6,10.00,599.70,"5,997.00",2024-03-03
746,HRL,2024030305001346,42,52,10.00,600.00,"6,000.00",2024-03-03
747,HRL,2024030305001347,42,58,20.00,600.00,"12,000.00",2024-03-03
748,HRL,2024030305001349,42,56,10.00,600.00,"6,000.00",2024-03-03
749,HRL,2024030305001350,42,55,20.00,600.00,"12,000.00",2024-03-03
750,HRL,2024030305001352,42,57,10.00,600.00,"6,000.00",2024-03-03
751,HRL,2024030305001357,42,32,19.00,600.00,"11,400.00",2024-03-03
752,HRL,2024030305001358,42,16,20.00,600.00,"12,000.00",2024-03-03
753,HRL,2024030305001359,42,5,500.00,600.00,"300,000.00",2024-03-03
754,HRL,2024030305001360,42,49,41.00,600.00,"24,600.00",2024-03-03
755,HRL,2024030305001362,42,49,19.00,600.00,"11,400.00",2024-03-03
756,HRL,2024030305001364,42,22,10.00,600.00,"6,000.00",2024-03-03
757,HRL,2024030305001365,42,58,30.00,600.00,"18,000.00",2024-03-03
758,HRL,2024030305001366,42,41,274.00,600.00,"164,400.00",2024-03-03
759,HRL,2024030305001367,34,41,26.00,599.70,"15,592.20",2024-03-03
760,HRL,2024030305001370,41,59,10.00,600.00,"6,000.00",2024-03-03
761,HRL,2024030305001371,41,58,10.00,600.00,"6,000.00",2024-03-03
762,HRL,2024030305001372,41,33,10.00,600.00,"6,000.00",2024-03-03
763,HRL,2024030305001373,41,41,70.00,600.00,"42,000.00",2024-03-03
764,HRL,2024030305001374,36,41,25.00,600.00,"15,000.00",2024-03-03
765,HRL,2024030305001377,33,51,10.00,600.00,"6,000.00",2024-03-03
766,HRL,2024030305001386,34,17,300.00,599.80,"179,940.00",2024-03-03
767,HRL,2024030305001387,39,17,20.00,599.70,"11,994.00",2024-03-03
768,HRL,2024030305001388,53,17,300.00,599.70,"179,910.00",2024-03-03
769,HRL,2024030305001389,36,17,100.00,599.70,"59,970.00",2024-03-03
770,HRL,2024030305001390,14,17,300.00,599.60,"179,880.00",2024-03-03
771,HRL,2024030305001391,50,17,980.00,599.60,"587,608.00",2024-03-03
772,HRL,2024030305001392,42,53,10.00,600.00,"6,000.00",2024-03-03
773,HRL,2024030305001393,42,32,10.00,600.00,"6,000.00",2024-03-03
774,HRL,2024030305001394,50,17,220.00,599.60,"131,912.00",2024-03-03
775,HRL,2024030305001395,13,17,500.00,599.50,"299,750.00",2024-03-03
776,HRL,2024030305001396,54,17,50.00,599.40,"29,970.00",2024-03-03
777,HRL,2024030305001397,49,17,18.00,599.40,"10,789.20",2024-03-03
778,HRL,2024030305001398,29,17,90.00,599.30,"53,937.00",2024-03-03
779,HRL,2024030305001399,48,17,122.00,599.20,"73,102.40",2024-03-03
780,HRL,2024030305001414,48,17,121.00,599.20,"72,503.20",2024-03-03
781,HRL,2024030305001415,16,17,20.00,599.20,"11,984.00",2024-03-03
782,HRL,2024030305001416,48,17,300.00,599.20,"179,760.00",2024-03-03
783,HRL,2024030305001417,94,17,200.00,599.10,"119,820.00",2024-03-03
784,HRL,2024030305001418,41,17,20.00,599.10,"11,982.00",2024-03-03
785,HRL,2024030305001419,21,17,100.00,599.10,"59,910.00",2024-03-03
786,HRL,2024030305001420,50,17,100.00,599.00,"59,900.00",2024-03-03
787,HRL,2024030305001421,56,17,100.00,599.00,"59,900.00",2024-03-03
788,HRL,2024030305001422,42,17,39.00,599.00,"23,361.00",2024-03-03
789,HRL,2024030305001429,42,58,11.00,599.00,"6,589.00",2024-03-03
790,HRL,2024030305001430,49,58,10.00,599.00,"5,990.00",2024-03-03
791,HRL,2024030305001431,33,21,10.00,599.00,"5,990.00",2024-03-03
792,HRL,2024030305001432,33,21,10.00,599.00,"5,990.00",2024-03-03
793,HRL,2024030305001433,34,41,20.00,599.20,"11,984.00",2024-03-03
794,HRL,2024030305001434,33,69,10.00,599.00,"5,990.00",2024-03-03
795,HRL,2024030305001435,33,42,10.00,599.00,"5,990.00",2024-03-03
796,HRL,2024030305001436,33,58,10.00,599.00,"5,990.00",2024-03-03
797,HRL,2024030305001437,33,26,20.00,599.00,"11,980.00",2024-03-03
798,HRL,2024030305001440,57,41,10.00,599.10,"5,991.00",2024-03-03
799,HRL,2024030305001442,57,29,10.00,599.10,"5,991.00",2024-03-03
800,HRL,2024030305001444,57,32,10.00,599.10,"5,991.00",2024-03-03
801,HRL,2024030305001445,57,3,50.00,599.10,"29,955.00",2024-03-03
802,HRL,2024030305001446,57,55,20.00,599.10,"11,982.00",2024-03-03
803,HRL,2024030305001448,13,33,10.00,599.10,"5,991.00",2024-03-03
804,HRL,2024030305001455,13,58,30.00,599.10,"17,973.00",2024-03-03
805,HRL,2024030305001456,13,57,30.00,599.10,"17,973.00",2024-03-03
806,HRL,2024030305001457,13,22,10.00,599.10,"5,991.00",2024-03-03
807,HRL,2024030305001462,58,58,10.00,599.80,"5,998.00",2024-03-03
808,HRL,2024030305001463,13,17,20.00,599.10,"11,982.00",2024-03-03
809,HRL,2024030305001464,33,17,430.00,599.00,"257,570.00",2024-03-03
810,HRL,2024030305001465,58,17,100.00,599.00,"59,900.00",2024-03-03
811,HRL,2024030305001466,49,17,10.00,599.00,"5,990.00",2024-03-03
812,HRL,2024030305001467,19,17,100.00,599.00,"59,900.00",2024-03-03
813,HRL,2024030305001468,16,17,100.00,599.00,"59,900.00",2024-03-03
814,HRL,2024030305001469,48,17,200.00,599.00,"119,800.00",2024-03-03
815,HRL,2024030305001470,48,17,850.00,599.00,"509,150.00",2024-03-03
816,HRL,2024030305001479,17,32,20.00,600.00,"12,000.00",2024-03-03
817,HRL,2024030305001480,17,54,10.00,600.00,"6,000.00",2024-03-03
818,HRL,2024030305001481,17,54,10.00,600.00,"6,000.00",2024-03-03
819,HRL,2024030305001482,17,54,10.00,600.00,"6,000.00",2024-03-03
820,HRL,2024030305001483,48,17,10.00,599.00,"5,990.00",2024-03-03
821,HRL,2024030305001485,48,58,30.00,599.00,"17,970.00",2024-03-03
822,HRL,2024030305001488,48,48,10.00,599.00,"5,990.00",2024-03-03
823,HRL,2024030305001490,48,17,10.00,599.00,"5,990.00",2024-03-03
824,HRL,2024030305001491,45,54,10.00,600.00,"6,000.00",2024-03-03
825,HRL,2024030305001492,45,54,10.00,600.00,"6,000.00",2024-03-03
826,HRL,2024030305001493,45,58,20.00,600.00,"12,000.00",2024-03-03
827,HRL,2024030305001494,45,22,30.00,600.00,"18,000.00",2024-03-03
828,HRL,2024030305001495,45,38,105.00,600.00,"63,000.00",2024-03-03
829,HRL,2024030305001496,48,42,20.00,599.00,"11,980.00",2024-03-03
830,HRL,2024030305001497,48,40,10.00,599.00,"5,990.00",2024-03-03
831,HRL,2024030305001500,48,42,10.00,599.00,"5,990.00",2024-03-03
832,HRL,2024030305001502,48,45,10.00,599.00,"5,990.00",2024-03-03
833,HRL,2024030305001503,48,55,20.00,599.00,"11,980.00",2024-03-03
834,HRL,2024030305001504,48,34,20.00,599.00,"11,980.00",2024-03-03
835,HRL,2024030305001505,34,34,30.00,599.00,"17,970.00",2024-03-03
836,HRL,2024030305001506,58,38,20.00,600.00,"12,000.00",2024-03-03
837,HRL,2024030305001507,34,83,70.00,599.00,"41,930.00",2024-03-03
838,HRL,2024030305001508,32,83,20.00,599.00,"11,980.00",2024-03-03
839,HRL,2024030305001509,39,83,100.00,599.00,"59,900.00",2024-03-03
840,HRL,2024030305001510,16,83,40.00,599.00,"23,960.00",2024-03-03
841,HRL,2024030305001511,34,83,270.00,599.00,"161,730.00",2024-03-03
842,HRL,2024030305001512,34,22,20.00,599.00,"11,980.00",2024-03-03
843,HRL,2024030305001517,34,58,10.00,599.00,"5,990.00",2024-03-03
844,HRL,2024030305001520,34,58,30.00,599.00,"17,970.00",2024-03-03
845,HRL,2024030305001525,34,20,170.00,599.00,"101,830.00",2024-03-03
846,HRL,2024030305001526,62,6,10.00,599.00,"5,990.00",2024-03-03
847,HRL,2024030305001531,21,45,20.00,599.50,"11,990.00",2024-03-03
848,HRL,2024030305001533,62,35,20.00,599.00,"11,980.00",2024-03-03
849,HRL,2024030305001534,52,35,10.00,598.80,"5,988.00",2024-03-03
850,HRL,2024030305001540,65,38,225.00,600.00,"135,000.00",2024-03-03
851,HRL,2024030305001541,65,58,10.00,600.00,"6,000.00",2024-03-03
852,HRL,2024030305001542,65,52,20.00,600.00,"12,000.00",2024-03-03
853,HRL,2024030305001543,65,3,10.00,600.00,"6,000.00",2024-03-03
854,HRL,2024030305001544,65,54,10.00,600.00,"6,000.00",2024-03-03
855,HRL,2024030305001545,65,32,30.00,600.00,"18,000.00",2024-03-03
856,HRL,2024030305001546,65,52,10.00,600.00,"6,000.00",2024-03-03
857,HRL,2024030305001547,65,21,10.00,600.00,"6,000.00",2024-03-03
858,HRL,2024030305001548,65,50,20.00,600.00,"12,000.00",2024-03-03
859,HRL,2024030305001549,65,49,10.00,600.00,"6,000.00",2024-03-03
860,HRL,2024030305001550,65,16,20.00,600.00,"12,000.00",2024-03-03
861,HRL,2024030305001551,65,58,10.00,600.00,"6,000.00",2024-03-03
862,HRL,2024030305001552,65,45,10.00,600.00,"6,000.00",2024-03-03
863,HRL,2024030305001553,65,58,10.00,600.00,"6,000.00",2024-03-03
864,HRL,2024030305001554,65,38,30.00,600.00,"18,000.00",2024-03-03
865,HRL,2024030305001555,65,38,10.00,600.00,"6,000.00",2024-03-03
866,HRL,2024030305001556,65,13,10.00,600.00,"6,000.00",2024-03-03
867,HRL,2024030305001557,65,40,10.00,600.00,"6,000.00",2024-03-03
868,HRL,2024030305001558,65,58,30.00,600.00,"18,000.00",2024-03-03
869,HRL,2024030305001563,65,46,10.00,600.00,"6,000.00",2024-03-03
870,HRL,2024030305001564,65,32,65.00,600.00,"39,000.00",2024-03-03
871,HRL,2024030305001565,65,57,10.00,600.00,"6,000.00",2024-03-03
872,HRL,2024030305001566,65,1,10.00,600.00,"6,000.00",2024-03-03
873,HRL,2024030305001567,65,21,10.00,600.00,"6,000.00",2024-03-03
874,HRL,2024030305001568,65,81,200.00,600.00,"120,000.00",2024-03-03
875,HRL,2024030305001569,56,42,10.00,599.00,"5,990.00",2024-03-03
876,HRL,2024030305001570,51,81,21.00,600.00,"12,600.00",2024-03-03
877,HRL,2024030305001573,56,58,30.00,599.00,"17,970.00",2024-03-03
878,HRL,2024030305001580,56,37,10.00,599.00,"5,990.00",2024-03-03
879,HRL,2024030305001581,34,37,10.00,599.00,"5,990.00",2024-03-03
880,HRL,2024030305001582,57,37,100.00,598.90,"59,890.00",2024-03-03
881,HRL,2024030305001583,52,37,20.00,598.80,"11,976.00",2024-03-03
882,HRL,2024030305001584,43,37,20.00,598.80,"11,976.00",2024-03-03
883,HRL,2024030305001585,21,37,40.00,598.50,"23,940.00",2024-03-03
884,HRL,2024030305001590,32,6,10.00,599.00,"5,990.00",2024-03-03
885,HRL,2024030305001591,32,21,20.00,599.00,"11,980.00",2024-03-03
886,HRL,2024030305001593,52,58,10.00,598.80,"5,988.00",2024-03-03
887,HRL,2024030305001597,42,21,10.00,599.00,"5,990.00",2024-03-03
888,HRL,2024030305001605,42,42,10.00,599.00,"5,990.00",2024-03-03
889,HRL,2024030305001615,42,33,10.00,599.00,"5,990.00",2024-03-03
890,HRL,2024030305001617,6,81,18.00,600.00,"10,800.00",2024-03-03
891,HRL,2024030305001618,42,34,10.00,599.00,"5,990.00",2024-03-03
892,HRL,2024030305001624,42,58,30.00,599.00,"17,970.00",2024-03-03
893,HRL,2024030305001630,42,45,30.00,599.00,"17,970.00",2024-03-03
894,HRL,2024030305001631,32,45,10.00,599.00,"5,990.00",2024-03-03
895,HRL,2024030305001640,19,58,10.00,599.70,"5,997.00",2024-03-03
896,HRL,2024030305001641,35,41,10.00,599.00,"5,990.00",2024-03-03
897,HRL,2024030305001642,53,47,10.00,599.10,"5,991.00",2024-03-03
898,HRL,2024030305001658,53,58,30.00,599.10,"17,973.00",2024-03-03
899,HRL,2024030305001659,53,6,10.00,599.10,"5,991.00",2024-03-03
900,HRL,2024030305001665,35,28,10.00,599.00,"5,990.00",2024-03-03
901,HRL,2024030305001667,35,54,10.00,599.00,"5,990.00",2024-03-03
902,HRL,2024030305001673,52,44,10.00,598.80,"5,988.00",2024-03-03
903,HRL,2024030305001674,50,56,10.00,598.90,"5,989.00",2024-03-03
904,HRL,2024030305001680,50,58,10.00,598.90,"5,989.00",2024-03-03
905,HRL,2024030305001691,50,19,70.00,598.90,"41,923.00",2024-03-03
906,HRL,2024030305001692,50,26,10.00,598.90,"5,989.00",2024-03-03
907,HRL,2024030305001693,52,26,10.00,598.80,"5,988.00",2024-03-03
908,HRL,2024030305001696,58,25,20.00,599.00,"11,980.00",2024-03-03
909,HRL,2024030305001698,52,40,10.00,598.80,"5,988.00",2024-03-03
910,HRL,2024030305001699,52,36,10.00,598.80,"5,988.00",2024-03-03
911,HRL,2024030305001702,52,48,10.00,598.80,"5,988.00",2024-03-03
912,HRL,2024030305001706,52,32,20.00,598.80,"11,976.00",2024-03-03
913,HRL,2024030305001715,42,45,20.00,599.50,"11,990.00",2024-03-03
914,HRL,2024030305001718,17,45,10.00,599.70,"5,997.00",2024-03-03
915,HRL,2024030305001720,8,29,20.00,599.00,"11,980.00",2024-03-03
916,HRL,2024030305001725,8,58,10.00,599.00,"5,990.00",2024-03-03
917,HRL,2024030305001729,8,58,10.00,599.00,"5,990.00",2024-03-03
918,HRL,2024030305001732,8,18,460.00,599.00,"275,540.00",2024-03-03
919,HRL,2024030305001733,13,18,20.00,599.00,"11,980.00",2024-03-03
920,HRL,2024030305001735,52,40,10.00,598.80,"5,988.00",2024-03-03
921,HRL,2024030305001738,52,38,20.00,598.80,"11,976.00",2024-03-03
922,HRL,2024030305001742,52,17,20.00,598.80,"11,976.00",2024-03-03
923,HRL,2024030305001743,52,18,170.00,598.80,"101,796.00",2024-03-03
924,HRL,2024030305001744,21,18,10.00,598.50,"5,985.00",2024-03-03
925,HRL,2024030305001745,52,18,28.00,598.50,"16,758.00",2024-03-03
926,HRL,2024030305001746,52,18,20.00,598.20,"11,964.00",2024-03-03
927,HRL,2024030305001747,39,18,100.00,598.20,"59,820.00",2024-03-03
928,HRL,2024030305001748,1,18,100.00,598.10,"59,810.00",2024-03-03
929,HRL,2024030305001749,42,18,50.00,598.00,"29,900.00",2024-03-03
930,HRL,2024030305001750,21,18,20.00,598.00,"11,960.00",2024-03-03
931,HRL,2024030305001751,10,18,30.00,598.00,"17,940.00",2024-03-03
932,HRL,2024030305001752,26,18,10.00,598.00,"5,980.00",2024-03-03
933,HRL,2024030305001753,47,18,22.00,598.00,"13,156.00",2024-03-03
934,HRL,2024030305001760,47,58,28.00,598.00,"16,744.00",2024-03-03
935,HRL,2024030305001762,4,32,20.00,598.00,"11,960.00",2024-03-03
936,HRL,2024030305001768,66,94,10.00,599.00,"5,990.00",2024-03-03
937,HRL,2024030305001769,4,57,10.00,598.00,"5,980.00",2024-03-03
938,HRL,2024030305001770,4,54,10.00,598.00,"5,980.00",2024-03-03
939,HRL,2024030305001778,4,3,20.00,598.00,"11,960.00",2024-03-03
940,HRL,2024030305001779,4,38,20.00,598.00,"11,960.00",2024-03-03
941,HRL,2024030305001794,4,41,40.00,598.00,"23,920.00",2024-03-03
942,HRL,2024030305001795,4,18,80.00,598.00,"47,840.00",2024-03-03
943,HRL,2024030305001796,41,18,200.00,598.00,"119,600.00",2024-03-03
944,HRL,2024030305001797,8,18,35.00,598.00,"20,930.00",2024-03-03
945,HRL,2024030305001798,4,18,220.00,598.00,"131,560.00",2024-03-03
946,HRL,2024030305001799,34,18,20.00,598.00,"11,960.00",2024-03-03
947,HRL,2024030305001800,6,18,20.00,598.00,"11,960.00",2024-03-03
948,HRL,2024030305001803,42,34,10.00,597.50,"5,975.00",2024-03-03
949,HRL,2024030305001804,45,3,10.00,597.50,"5,975.00",2024-03-03
950,HRL,2024030305001805,45,16,150.00,597.50,"89,625.00",2024-03-03
951,HRL,2024030305001806,42,16,90.00,597.50,"53,775.00",2024-03-03
952,HRL,2024030305001808,42,33,10.00,597.50,"5,975.00",2024-03-03
953,HRL,2024030305001811,42,45,98.00,597.50,"58,555.00",2024-03-03
954,HRL,2024030305001820,56,38,20.00,597.00,"11,940.00",2024-03-03
955,HRL,2024030305001826,56,40,10.00,597.00,"5,970.00",2024-03-03
956,HRL,2024030305001827,56,55,20.00,597.00,"11,940.00",2024-03-03
957,HRL,2024030305001828,49,54,10.00,597.00,"5,970.00",2024-03-03
958,HRL,2024030305001830,39,21,30.00,597.10,"17,913.00",2024-03-03
959,HRL,2024030305001837,39,65,70.00,597.10,"41,797.00",2024-03-03
960,HRL,2024030305001838,49,18,419.00,597.00,"250,143.00",2024-03-03
961,HRL,2024030305001841,49,65,30.00,597.00,"17,910.00",2024-03-03
962,HRL,2024030305001842,49,38,10.00,597.00,"5,970.00",2024-03-03
963,HRL,2024030305001845,49,58,10.00,597.00,"5,970.00",2024-03-03
964,HRL,2024030305001846,66,58,10.00,597.10,"5,971.00",2024-03-03
965,HRL,2024030305001847,66,57,10.00,597.50,"5,975.00",2024-03-03
966,HRL,2024030305001848,66,44,10.00,598.00,"5,980.00",2024-03-03
967,HRL,2024030305001849,66,35,10.00,598.00,"5,980.00",2024-03-03
968,HRL,2024030305001850,66,48,70.00,598.00,"41,860.00",2024-03-03
969,HRL,2024030305001851,58,35,10.00,597.10,"5,971.00",2024-03-03
970,HRL,2024030305001857,49,49,10.00,597.00,"5,970.00",2024-03-03
971,HRL,2024030305001861,21,35,10.00,597.10,"5,971.00",2024-03-03
972,HRL,2024030305001862,49,35,11.00,597.00,"6,567.00",2024-03-03
973,HRL,2024030305001863,48,44,100.00,597.00,"59,700.00",2024-03-03
974,HRL,2024030305001864,58,48,30.00,598.00,"17,940.00",2024-03-03
975,HRL,2024030305001865,48,57,10.00,597.00,"5,970.00",2024-03-03
976,HRL,2024030305001868,58,58,10.00,598.00,"5,980.00",2024-03-03
977,HRL,2024030305001869,58,58,10.00,598.00,"5,980.00",2024-03-03
978,HRL,2024030305001875,58,35,30.00,599.00,"17,970.00",2024-03-03
979,HRL,2024030305001876,58,32,20.00,599.00,"11,980.00",2024-03-03
980,HRL,2024030305001878,48,55,10.00,597.00,"5,970.00",2024-03-03
981,HRL,2024030305001883,13,42,10.00,598.00,"5,980.00",2024-03-03
982,HRL,2024030305001884,13,58,10.00,598.00,"5,980.00",2024-03-03
983,HRL,2024030305001888,13,14,20.00,598.00,"11,960.00",2024-03-03
984,HRL,2024030305001889,58,58,10.00,599.00,"5,990.00",2024-03-03
985,HRL,2024030305001890,13,45,10.00,598.00,"5,980.00",2024-03-03
986,HRL,2024030305001896,38,42,10.00,598.10,"5,981.00",2024-03-03
987,HRL,2024030305001898,38,25,10.00,598.10,"5,981.00",2024-03-03
988,HRL,2024030305001900,38,29,10.00,598.10,"5,981.00",2024-03-03
989,HRL,2024030305001901,38,35,20.00,598.10,"11,962.00",2024-03-03
990,HRL,2024030305001902,38,58,10.00,598.10,"5,981.00",2024-03-03
991,HRL,2024030305001904,38,48,30.00,598.10,"17,943.00",2024-03-03
992,HRL,2024030305001905,58,26,56.00,599.00,"33,544.00",2024-03-03
993,HRL,2024030305001906,58,57,10.00,599.00,"5,990.00",2024-03-03
994,HRL,2024030305001907,58,45,10.00,599.00,"5,990.00",2024-03-03
995,HRL,2024030305001912,59,42,10.00,598.20,"5,982.00",2024-03-03
996,HRL,2024030305001913,38,42,10.00,598.10,"5,981.00",2024-03-03
997,HRL,2024030305001914,45,36,20.00,598.10,"11,962.00",2024-03-03
998,HRL,2024030305001915,45,59,10.00,598.10,"5,981.00",2024-03-03
999,HRL,2024030305001924,58,34,20.00,598.20,"11,964.00",2024-03-03
1000,HRL,2024030305001928,58,22,10.00,598.20,"5,982.00",2024-03-03
1001,HRL,2024030305001929,48,34,10.00,599.00,"5,990.00",2024-03-03
1002,HRL,2024030305001930,48,3,100.00,599.90,"59,990.00",2024-03-03
1003,HRL,2024030305001931,48,58,10.00,599.90,"5,999.00",2024-03-03
1004,HRL,2024030305001933,58,36,70.00,598.20,"41,874.00",2024-03-03
1005,HRL,2024030305001934,45,36,20.00,598.10,"11,962.00",2024-03-03
1006,HRL,2024030305001935,13,36,60.00,598.00,"35,880.00",2024-03-03
1007,HRL,2024030305001937,13,49,20.00,598.00,"11,960.00",2024-03-03
1008,HRL,2024030305001938,28,81,10.00,600.00,"6,000.00",2024-03-03
1009,HRL,2024030305001948,13,42,20.00,598.00,"11,960.00",2024-03-03
1010,HRL,2024030305001949,13,38,10.00,598.00,"5,980.00",2024-03-03
1011,HRL,2024030305001950,17,58,10.00,598.20,"5,982.00",2024-03-03
1012,HRL,2024030305001951,17,34,20.00,598.20,"11,964.00",2024-03-03
1013,HRL,2024030305001954,17,36,120.00,598.20,"71,784.00",2024-03-03
1014,HRL,2024030305001955,17,54,40.00,598.20,"23,928.00",2024-03-03
1015,HRL,2024030305001957,17,80,10.00,598.20,"5,982.00",2024-03-03
1016,HRL,2024030305001958,13,6,10.00,598.00,"5,980.00",2024-03-03
1017,HRL,2024030305001959,13,45,120.00,598.00,"71,760.00",2024-03-03
1018,HRL,2024030305001962,13,57,10.00,598.00,"5,980.00",2024-03-03
1019,HRL,2024030305001963,13,22,10.00,598.00,"5,980.00",2024-03-03
1020,HRL,2024030305001964,54,80,20.00,598.20,"11,964.00",2024-03-03
1021,HRL,2024030305001965,54,35,30.00,599.00,"17,970.00",2024-03-03
1022,HRL,2024030305001966,54,52,16.00,599.00,"9,584.00",2024-03-03
1023,HRL,2024030305001969,13,58,10.00,598.00,"5,980.00",2024-03-03
1024,HRL,2024030305001975,13,95,10.00,598.00,"5,980.00",2024-03-03
1025,HRL,2024030305001980,13,33,10.00,598.00,"5,980.00",2024-03-03
1026,HRL,2024030305001982,13,41,10.00,598.00,"5,980.00",2024-03-03
1027,HRL,2024030305001985,13,41,30.00,598.00,"17,940.00",2024-03-03
1028,HRL,2024030305001986,13,22,10.00,598.00,"5,980.00",2024-03-03
1029,HRL,2024030305001987,13,42,20.00,598.00,"11,960.00",2024-03-03
1030,HRL,2024030305001993,13,32,10.00,598.00,"5,980.00",2024-03-03
1031,HRL,2024030305001995,13,77,20.00,598.00,"11,960.00",2024-03-03
1032,HRL,2024030305001996,49,39,10.00,599.00,"5,990.00",2024-03-03
1033,HRL,2024030305001997,49,35,100.00,599.00,"59,900.00",2024-03-03
1034,HRL,2024030305001998,13,34,20.00,598.00,"11,960.00",2024-03-03
1035,HRL,2024030305002002,42,42,20.00,598.10,"11,962.00",2024-03-03
1036,HRL,2024030305002003,42,22,10.00,598.10,"5,981.00",2024-03-03
1037,HRL,2024030305002004,17,3,200.00,599.90,"119,980.00",2024-03-03
1038,HRL,2024030305002005,17,38,10.00,599.90,"5,999.00",2024-03-03
1039,HRL,2024030305002008,17,41,10.00,599.90,"5,999.00",2024-03-03
1040,HRL,2024030305002009,17,35,80.00,599.90,"47,992.00",2024-03-03
1041,HRL,2024030305002010,49,42,10.00,598.50,"5,985.00",2024-03-03
1042,HRL,2024030305002011,42,42,10.00,598.10,"5,981.00",2024-03-03
1043,HRL,2024030305002012,42,56,10.00,598.10,"5,981.00",2024-03-03
1044,HRL,2024030305002016,42,25,30.00,598.10,"17,943.00",2024-03-03
1045,HRL,2024030305002017,42,49,10.00,598.10,"5,981.00",2024-03-03
1046,HRL,2024030305002018,42,22,10.00,598.10,"5,981.00",2024-03-03
1047,HRL,2024030305002019,57,29,30.00,598.10,"17,943.00",2024-03-03
1048,HRL,2024030305002020,49,41,10.00,598.20,"5,982.00",2024-03-03
1049,HRL,2024030305002022,49,52,20.00,598.20,"11,964.00",2024-03-03
1050,HRL,2024030305002023,49,41,10.00,598.20,"5,982.00",2024-03-03
1051,HRL,2024030305002024,28,35,20.00,599.00,"11,980.00",2024-03-03
1052,HRL,2024030305002025,28,49,10.00,600.00,"6,000.00",2024-03-03
1053,HRL,2024030305002026,42,63,30.00,599.00,"17,970.00",2024-03-03
1054,HRL,2024030305002028,42,8,10.00,599.00,"5,990.00",2024-03-03
1055,HRL,2024030305002029,49,8,10.00,598.20,"5,982.00",2024-03-03
1056,HRL,2024030305002032,58,58,10.00,598.50,"5,985.00",2024-03-03
1057,HRL,2024030305002033,58,58,10.00,598.50,"5,985.00",2024-03-03
1058,HRL,2024030305002034,58,50,10.00,598.50,"5,985.00",2024-03-03
1059,HRL,2024030305002036,58,41,10.00,598.50,"5,985.00",2024-03-03
1060,HRL,2024030305002037,58,16,30.00,598.50,"17,955.00",2024-03-03
1061,HRL,2024030305002038,58,58,10.00,598.50,"5,985.00",2024-03-03
1062,HRL,2024030305002039,58,13,10.00,598.50,"5,985.00",2024-03-03
1063,HRL,2024030305002041,58,42,20.00,598.50,"11,970.00",2024-03-03
1064,HRL,2024030305002043,58,16,30.00,598.50,"17,955.00",2024-03-03
1065,HRL,2024030305002045,58,58,10.00,598.50,"5,985.00",2024-03-03
1066,HRL,2024030305002046,58,16,40.00,598.50,"23,940.00",2024-03-03
1067,HRL,2024030305002047,58,7,20.00,598.50,"11,970.00",2024-03-03
1068,HRL,2024030305002051,46,55,20.00,599.00,"11,980.00",2024-03-03
1069,HRL,2024030305002056,46,49,10.00,599.00,"5,990.00",2024-03-03
1070,HRL,2024030305002057,17,29,20.00,599.70,"11,994.00",2024-03-03
1071,HRL,2024030305002058,17,41,30.00,599.70,"17,991.00",2024-03-03
1072,HRL,2024030305002059,17,58,10.00,599.80,"5,998.00",2024-03-03
1073,HRL,2024030305002061,17,36,10.00,599.80,"5,998.00",2024-03-03
1074,HRL,2024030305002062,17,1,20.00,599.80,"11,996.00",2024-03-03
1075,HRL,2024030305002063,17,35,20.00,599.80,"11,996.00",2024-03-03
1076,HRL,2024030305002064,17,81,10.00,599.80,"5,998.00",2024-03-03
1077,HRL,2024030305002065,58,11,10.00,599.90,"5,999.00",2024-03-03
1078,HRL,2024030305002066,17,52,10.00,599.80,"5,998.00",2024-03-03
1079,HRL,2024030305002067,17,28,20.00,599.80,"11,996.00",2024-03-03
1080,HRL,2024030305002068,17,86,80.00,599.80,"47,984.00",2024-03-03
1081,HRL,2024030305002078,46,44,20.00,599.00,"11,980.00",2024-03-03
1082,HRL,2024030305002079,34,44,10.00,598.60,"5,986.00",2024-03-03
1083,HRL,2024030305002082,60,58,10.00,598.60,"5,986.00",2024-03-03
1084,HRL,2024030305002084,58,49,10.00,598.50,"5,985.00",2024-03-03
1085,HRL,2024030305002086,58,34,30.00,598.50,"17,955.00",2024-03-03
1086,HRL,2024030305002091,58,58,10.00,598.50,"5,985.00",2024-03-03
1087,HRL,2024030305002093,57,36,10.00,599.00,"5,990.00",2024-03-03
1088,HRL,2024030305002094,57,38,10.00,599.00,"5,990.00",2024-03-03
1089,HRL,2024030305002095,58,32,20.00,599.00,"11,980.00",2024-03-03
1090,HRL,2024030305002097,58,58,10.00,599.00,"5,990.00",2024-03-03
1091,HRL,2024030305002106,58,58,10.00,599.00,"5,990.00",2024-03-03
1092,HRL,2024030305002107,21,8,10.00,598.60,"5,986.00",2024-03-03
1093,HRL,2024030305002108,49,45,10.00,598.50,"5,985.00",2024-03-03
1094,HRL,2024030305002109,47,45,10.00,598.40,"5,984.00",2024-03-03
1095,HRL,2024030305002110,28,36,10.00,599.00,"5,990.00",2024-03-03
1096,HRL,2024030305002111,47,49,20.00,598.40,"11,968.00",2024-03-03
1097,HRL,2024030305002113,47,35,10.00,598.40,"5,984.00",2024-03-03
1098,HRL,2024030305002115,28,49,10.00,599.00,"5,990.00",2024-03-03
1099,HRL,2024030305002118,47,45,10.00,598.40,"5,984.00",2024-03-03
1100,HRL,2024030305002119,51,49,11.00,599.00,"6,589.00",2024-03-03
1101,HRL,2024030305002120,47,3,150.00,598.40,"89,760.00",2024-03-03
1102,HRL,2024030305002121,49,35,10.00,598.20,"5,982.00",2024-03-03
1103,HRL,2024030305002122,49,41,10.00,598.20,"5,982.00",2024-03-03
1104,HRL,2024030305002124,49,44,20.00,598.20,"11,964.00",2024-03-03
1105,HRL,2024030305002125,49,58,10.00,598.20,"5,982.00",2024-03-03
1106,HRL,2024030305002126,13,49,10.00,598.10,"5,981.00",2024-03-03
1107,HRL,2024030305002131,13,48,10.00,598.10,"5,981.00",2024-03-03
1108,HRL,2024030305002132,42,13,10.00,598.20,"5,982.00",2024-03-03
1109,HRL,2024030305002134,13,58,10.00,598.10,"5,981.00",2024-03-03
1110,HRL,2024030305002135,49,58,10.00,598.10,"5,981.00",2024-03-03
1111,HRL,2024030305002136,13,41,10.00,598.00,"5,980.00",2024-03-03
1112,HRL,2024030305002138,13,32,20.00,598.00,"11,960.00",2024-03-03
1113,HRL,2024030305002139,13,49,10.00,598.00,"5,980.00",2024-03-03
1114,HRL,2024030305002140,47,49,10.00,598.00,"5,980.00",2024-03-03
1115,HRL,2024030305002141,47,55,20.00,598.00,"11,960.00",2024-03-03
1116,HRL,2024030305002142,47,45,10.00,598.00,"5,980.00",2024-03-03
1117,HRL,2024030305002143,47,28,80.00,598.00,"47,840.00",2024-03-03
1118,HRL,2024030305002144,52,28,100.00,598.00,"59,800.00",2024-03-03
1119,HRL,2024030305002145,4,28,15.00,598.00,"8,970.00",2024-03-03
1120,HRL,2024030305002146,34,28,500.00,598.00,"299,000.00",2024-03-03
1121,HRL,2024030305002147,46,28,165.00,598.00,"98,670.00",2024-03-03
1122,HRL,2024030305002148,57,28,500.00,598.00,"299,000.00",2024-03-03
1123,HRL,2024030305002149,35,28,20.00,598.00,"11,960.00",2024-03-03
1124,HRL,2024030305002150,42,28,80.00,598.00,"47,840.00",2024-03-03
1125,HRL,2024030305002151,41,28,275.00,598.00,"164,450.00",2024-03-03
1126,HRL,2024030305002152,45,28,33.00,598.00,"19,734.00",2024-03-03
1127,HRL,2024030305002159,13,3,50.00,597.40,"29,870.00",2024-03-03
1128,HRL,2024030305002160,6,3,100.00,597.30,"59,730.00",2024-03-03
1129,HRL,2024030305002161,51,3,21.00,597.20,"12,541.20",2024-03-03
1130,HRL,2024030305002162,19,3,100.00,597.20,"59,720.00",2024-03-03
1131,HRL,2024030305002163,40,3,150.00,597.20,"89,580.00",2024-03-03
1132,HRL,2024030305002164,3,3,79.00,597.10,"47,170.90",2024-03-03
1133,HRL,2024030305002167,44,58,40.00,598.00,"23,920.00",2024-03-03
1134,HRL,2024030305002168,44,58,25.00,598.00,"14,950.00",2024-03-03
1135,HRL,2024030305002169,44,28,135.00,598.00,"80,730.00",2024-03-03
1136,HRL,2024030305002170,3,28,21.00,597.10,"12,539.10",2024-03-03
1137,HRL,2024030305002171,48,28,380.00,597.00,"226,860.00",2024-03-03
1138,HRL,2024030305002172,36,28,"1,000.00",597.00,"597,000.00",2024-03-03
1139,HRL,2024030305002173,35,28,20.00,597.00,"11,940.00",2024-03-03
1140,HRL,2024030305002174,17,28,20.00,597.00,"11,940.00",2024-03-03
1141,HRL,2024030305002175,43,28,30.00,597.00,"17,910.00",2024-03-03
1142,HRL,2024030305002176,13,28,20.00,597.00,"11,940.00",2024-03-03
1143,HRL,2024030305002177,35,28,10.00,597.00,"5,970.00",2024-03-03
1144,HRL,2024030305002178,57,28,"1,000.00",597.00,"597,000.00",2024-03-03
1145,HRL,2024030305002179,45,28,100.00,597.00,"59,700.00",2024-03-03
1146,HRL,2024030305002180,88,28,100.00,597.00,"59,700.00",2024-03-03
1147,HRL,2024030305002181,43,28,50.00,597.00,"29,850.00",2024-03-03
1148,HRL,2024030305002182,35,28,114.00,597.00,"68,058.00",2024-03-03
1149,HRL,2024030305002183,35,44,20.00,597.00,"11,940.00",2024-03-03
1150,HRL,2024030305002184,17,55,10.00,598.00,"5,980.00",2024-03-03
1151,HRL,2024030305002185,17,7,10.00,598.00,"5,980.00",2024-03-03
1152,HRL,2024030305002186,17,21,10.00,598.00,"5,980.00",2024-03-03
1153,HRL,2024030305002187,17,58,20.00,598.10,"11,962.00",2024-03-03
1154,HRL,2024030305002188,53,58,20.00,597.10,"11,942.00",2024-03-03
1155,HRL,2024030305002189,35,22,10.00,597.00,"5,970.00",2024-03-03
1156,HRL,2024030305002191,58,60,20.00,598.00,"11,960.00",2024-03-03
1157,HRL,2024030305002194,17,60,20.00,598.00,"11,960.00",2024-03-03
1158,HRL,2024030305002195,17,3,10.00,598.00,"5,980.00",2024-03-03
1159,HRL,2024030305002199,17,57,10.00,598.00,"5,980.00",2024-03-03
1160,HRL,2024030305002200,48,63,30.00,597.10,"17,913.00",2024-03-03
1161,HRL,2024030305002201,48,58,20.00,597.10,"11,942.00",2024-03-03
1162,HRL,2024030305002202,63,51,10.00,598.00,"5,980.00",2024-03-03
1163,HRL,2024030305002203,63,55,20.00,598.00,"11,960.00",2024-03-03
1164,HRL,2024030305002204,17,10,10.00,598.00,"5,980.00",2024-03-03
1165,HRL,2024030305002206,58,58,10.00,597.60,"5,976.00",2024-03-03
1166,HRL,2024030305002207,58,91,30.00,597.60,"17,928.00",2024-03-03
1167,HRL,2024030305002208,48,91,44.00,597.10,"26,272.40",2024-03-03
1168,HRL,2024030305002209,13,91,50.00,597.10,"29,855.00",2024-03-03
1169,HRL,2024030305002210,35,91,676.00,597.00,"403,572.00",2024-03-03
1170,HRL,2024030305002212,35,53,20.00,597.00,"11,940.00",2024-03-03
1171,HRL,2024030305002213,35,45,10.00,597.00,"5,970.00",2024-03-03
1172,HRL,2024030305002217,35,44,20.00,597.00,"11,940.00",2024-03-03
1173,HRL,2024030305002218,35,14,30.00,597.00,"17,910.00",2024-03-03
1174,HRL,2024030305002219,35,6,10.00,597.00,"5,970.00",2024-03-03
1175,HRL,2024030305002221,35,56,20.00,597.00,"11,940.00",2024-03-03
1176,HRL,2024030305002222,35,14,30.00,597.00,"17,910.00",2024-03-03
1177,HRL,2024030305002226,35,46,20.00,597.00,"11,940.00",2024-03-03
1178,HRL,2024030305002228,48,25,10.00,597.10,"5,971.00",2024-03-03
1179,HRL,2024030305002229,35,25,20.00,597.00,"11,940.00",2024-03-03
1180,HRL,2024030305002230,49,25,10.00,597.00,"5,970.00",2024-03-03
1181,HRL,2024030305002231,52,25,200.00,597.00,"119,400.00",2024-03-03
1182,HRL,2024030305002232,44,25,200.00,597.00,"119,400.00",2024-03-03
1183,HRL,2024030305002233,13,25,60.00,597.00,"35,820.00",2024-03-03
1184,HRL,2024030305002234,13,14,20.00,597.00,"11,940.00",2024-03-03
1185,HRL,2024030305002235,13,56,20.00,597.00,"11,940.00",2024-03-03
1186,HRL,2024030305002236,58,56,20.00,597.00,"11,940.00",2024-03-03
1187,HRL,2024030305002237,58,58,10.00,597.00,"5,970.00",2024-03-03
1188,HRL,2024030305002239,58,56,20.00,597.00,"11,940.00",2024-03-03
1189,HRL,2024030305002240,58,35,19.00,597.00,"11,343.00",2024-03-03
1190,HRL,2024030305002241,56,14,30.00,596.10,"17,883.00",2024-03-03
1191,HRL,2024030305002243,50,42,10.00,597.00,"5,970.00",2024-03-03
1192,HRL,2024030305002244,50,45,10.00,598.00,"5,980.00",2024-03-03
1193,HRL,2024030305002245,56,56,20.00,596.10,"11,922.00",2024-03-03
1194,HRL,2024030305002246,58,17,10.00,597.00,"5,970.00",2024-03-03
1195,HRL,2024030305002252,58,17,10.00,597.00,"5,970.00",2024-03-03
1196,HRL,2024030305002253,33,6,10.00,597.00,"5,970.00",2024-03-03
1197,HRL,2024030305002254,56,56,20.00,596.10,"11,922.00",2024-03-03
1198,HRL,2024030305002255,22,42,10.00,597.00,"5,970.00",2024-03-03
1199,HRL,2024030305002256,56,58,10.00,596.10,"5,961.00",2024-03-03
1200,HRL,2024030305002259,36,53,10.00,598.00,"5,980.00",2024-03-03
1201,HRL,2024030305002260,36,55,10.00,598.00,"5,980.00",2024-03-03
1202,HRL,2024030305002261,56,39,20.00,596.10,"11,922.00",2024-03-03
1203,HRL,2024030305002262,57,39,10.00,596.10,"5,961.00",2024-03-03
1204,HRL,2024030305002268,57,49,10.00,596.10,"5,961.00",2024-03-03
1205,HRL,2024030305002269,57,56,20.00,596.10,"11,922.00",2024-03-03
1206,HRL,2024030305002270,35,35,1.00,597.10,597.10,2024-03-03
1207,HRL,2024030305002271,57,7,10.00,596.10,"5,961.00",2024-03-03
1208,HRL,2024030305002272,54,56,20.00,596.20,"11,924.00",2024-03-03
1209,HRL,2024030305002273,54,21,20.00,596.20,"11,924.00",2024-03-03
1210,HRL,2024030305002274,28,57,20.00,597.00,"11,940.00",2024-03-03
1211,HRL,2024030305002275,28,55,20.00,598.00,"11,960.00",2024-03-03
1212,HRL,2024030305002276,28,42,10.00,598.00,"5,980.00",2024-03-03
1213,HRL,2024030305002277,63,49,20.00,597.00,"11,940.00",2024-03-03
1214,HRL,2024030305002278,54,22,10.00,596.20,"5,962.00",2024-03-03
1215,HRL,2024030305002280,54,56,20.00,596.20,"11,924.00",2024-03-03
1216,HRL,2024030305002283,54,6,38.00,596.20,"22,655.60",2024-03-03
1217,HRL,2024030305002284,33,57,10.00,596.20,"5,962.00",2024-03-03
1218,HRL,2024030305002285,50,13,50.00,597.00,"29,850.00",2024-03-03
1219,HRL,2024030305002286,50,38,10.00,597.00,"5,970.00",2024-03-03
1220,HRL,2024030305002288,17,4,20.00,596.10,"11,922.00",2024-03-03
1221,HRL,2024030305002289,17,44,180.00,596.10,"107,298.00",2024-03-03
1222,HRL,2024030305002290,21,44,20.00,596.10,"11,922.00",2024-03-03
1223,HRL,2024030305002291,26,44,30.00,596.10,"17,883.00",2024-03-03
1224,HRL,2024030305002292,85,44,250.00,596.10,"149,025.00",2024-03-03
1225,HRL,2024030305002293,57,44,200.00,596.10,"119,220.00",2024-03-03
1226,HRL,2024030305002294,57,44,15.00,596.00,"8,940.00",2024-03-03
1227,HRL,2024030305002295,17,44,500.00,596.00,"298,000.00",2024-03-03
1228,HRL,2024030305002296,45,44,10.00,596.00,"5,960.00",2024-03-03
1229,HRL,2024030305002297,57,44,100.00,596.00,"59,600.00",2024-03-03
1230,HRL,2024030305002298,56,44,100.00,596.00,"59,600.00",2024-03-03
1231,HRL,2024030305002299,57,44,15.00,596.00,"8,940.00",2024-03-03
1232,HRL,2024030305002300,35,44,50.00,596.00,"29,800.00",2024-03-03
1233,HRL,2024030305002301,17,44,30.00,596.00,"17,880.00",2024-03-03
1234,HRL,2024030305002302,55,44,40.00,596.00,"23,840.00",2024-03-03
1235,HRL,2024030305002303,44,44,260.00,596.00,"154,960.00",2024-03-03
1236,HRL,2024030305002304,44,58,20.00,596.00,"11,920.00",2024-03-03
1237,HRL,2024030305002305,44,56,20.00,596.00,"11,920.00",2024-03-03
1238,HRL,2024030305002310,44,45,10.00,596.10,"5,961.00",2024-03-03
1239,HRL,2024030305002311,44,6,25.00,596.10,"14,902.50",2024-03-03
1240,HRL,2024030305002312,16,49,10.00,597.00,"5,970.00",2024-03-03
1241,HRL,2024030305002313,25,56,20.00,596.00,"11,920.00",2024-03-03
1242,HRL,2024030305002314,25,7,10.00,596.00,"5,960.00",2024-03-03
1243,HRL,2024030305002315,25,17,10.00,596.00,"5,960.00",2024-03-03
1244,HRL,2024030305002321,25,56,10.00,596.00,"5,960.00",2024-03-03
1245,HRL,2024030305002322,54,56,10.00,596.00,"5,960.00",2024-03-03
1246,HRL,2024030305002324,54,59,10.00,596.00,"5,960.00",2024-03-03
1247,HRL,2024030305002325,54,58,10.00,596.00,"5,960.00",2024-03-03
1248,HRL,2024030305002327,35,58,10.00,596.10,"5,961.00",2024-03-03
1249,HRL,2024030305002328,35,58,20.00,596.10,"11,922.00",2024-03-03
1250,HRL,2024030305002330,35,46,20.00,596.10,"11,922.00",2024-03-03
1251,HRL,2024030305002331,54,56,20.00,596.00,"11,920.00",2024-03-03
1252,HRL,2024030305002338,54,56,20.00,596.00,"11,920.00",2024-03-03
1253,HRL,2024030305002339,54,45,10.00,596.00,"5,960.00",2024-03-03
1254,HRL,2024030305002342,54,45,20.00,596.00,"11,920.00",2024-03-03
1255,HRL,2024030305002343,57,45,10.00,596.00,"5,960.00",2024-03-03
1256,HRL,2024030305002344,57,56,10.00,596.00,"5,960.00",2024-03-03
1257,HRL,2024030305002345,57,22,10.00,596.00,"5,960.00",2024-03-03
1258,HRL,2024030305002347,57,45,30.00,596.00,"17,880.00",2024-03-03
1259,HRL,2024030305002348,57,49,20.00,596.00,"11,920.00",2024-03-03
1260,HRL,2024030305002349,57,58,10.00,596.00,"5,960.00",2024-03-03
1261,HRL,2024030305002351,57,49,80.00,596.00,"47,680.00",2024-03-03
1262,HRL,2024030305002354,57,45,30.00,596.00,"17,880.00",2024-03-03
1263,HRL,2024030305002356,13,3,10.00,596.00,"5,960.00",2024-03-03
1264,HRL,2024030305002357,42,3,50.00,596.00,"29,800.00",2024-03-03
1265,HRL,2024030305002358,8,3,100.00,596.00,"59,600.00",2024-03-03
1266,HRL,2024030305002359,14,3,45.00,596.00,"26,820.00",2024-03-03
1267,HRL,2024030305002360,34,4,10.00,595.70,"5,957.00",2024-03-03
1268,HRL,2024030305002365,63,29,10.00,596.00,"5,960.00",2024-03-03
1269,HRL,2024030305002367,36,22,10.00,596.00,"5,960.00",2024-03-03
1270,HRL,2024030305002371,56,22,10.00,596.00,"5,960.00",2024-03-03
1271,HRL,2024030305002394,50,45,20.00,595.80,"11,916.00",2024-03-03
1272,HRL,2024030305002395,50,6,20.00,595.80,"11,916.00",2024-03-03
1273,HRL,2024030305002397,50,4,10.00,595.80,"5,958.00",2024-03-03
1274,HRL,2024030305002398,50,22,20.00,595.80,"11,916.00",2024-03-03
1275,HRL,2024030305002401,50,58,10.00,595.80,"5,958.00",2024-03-03
1276,HRL,2024030305002403,50,56,20.00,595.80,"11,916.00",2024-03-03
1277,HRL,2024030305002406,1,49,10.00,595.80,"5,958.00",2024-03-03
1278,HRL,2024030305002407,53,49,15.00,595.80,"8,937.00",2024-03-03
1279,HRL,2024030305002414,53,35,10.00,595.80,"5,958.00",2024-03-03
1280,HRL,2024030305002417,53,59,25.00,595.80,"14,895.00",2024-03-03
1281,HRL,2024030305002418,34,59,40.00,595.70,"23,828.00",2024-03-03
1282,HRL,2024030305002419,17,59,85.00,595.70,"50,634.50",2024-03-03
1283,HRL,2024030305002420,17,45,30.00,595.70,"17,871.00",2024-03-03
1284,HRL,2024030305002422,6,22,20.00,595.80,"11,916.00",2024-03-03
1285,HRL,2024030305002423,17,58,10.00,595.70,"5,957.00",2024-03-03
1286,HRL,2024030305002428,17,32,25.00,595.70,"14,892.50",2024-03-03
1287,HRL,2024030305002429,62,32,20.00,595.70,"11,914.00",2024-03-03
1288,HRL,2024030305002430,62,4,10.00,595.70,"5,957.00",2024-03-03
1289,HRL,2024030305002431,62,45,100.00,595.70,"59,570.00",2024-03-03
1290,HRL,2024030305002433,62,29,370.00,595.70,"220,409.00",2024-03-03
1291,HRL,2024030305002435,16,45,30.00,595.60,"17,868.00",2024-03-03
1292,HRL,2024030305002436,16,46,10.00,595.60,"5,956.00",2024-03-03
1293,HRL,2024030305002438,16,45,30.00,595.60,"17,868.00",2024-03-03
1294,HRL,2024030305002439,16,22,130.00,595.60,"77,428.00",2024-03-03
1295,HRL,2024030305002440,16,45,30.00,595.60,"17,868.00",2024-03-03
1296,HRL,2024030305002444,16,58,10.00,595.60,"5,956.00",2024-03-03
1297,HRL,2024030305002445,17,29,70.00,595.70,"41,699.00",2024-03-03
1298,HRL,2024030305002446,17,56,20.00,595.70,"11,914.00",2024-03-03
1299,HRL,2024030305002447,17,35,10.00,595.70,"5,957.00",2024-03-03
1300,HRL,2024030305002449,17,16,20.00,595.70,"11,914.00",2024-03-03
1301,HRL,2024030305002452,17,49,69.00,595.70,"41,103.30",2024-03-03
1302,HRL,2024030305002455,17,68,10.00,595.70,"5,957.00",2024-03-03
1303,HRL,2024030305002456,49,42,10.00,595.80,"5,958.00",2024-03-03
1304,HRL,2024030305002457,50,45,10.00,595.70,"5,957.00",2024-03-03
1305,HRL,2024030305002459,50,45,20.00,595.70,"11,914.00",2024-03-03
1306,HRL,2024030305002461,50,45,30.00,595.70,"17,871.00",2024-03-03
1307,HRL,2024030305002463,50,58,10.00,595.70,"5,957.00",2024-03-03
1308,HRL,2024030305002464,8,58,30.00,595.70,"17,871.00",2024-03-03
1309,HRL,2024030305002466,8,49,10.00,595.70,"5,957.00",2024-03-03
1310,HRL,2024030305002467,8,58,20.00,595.70,"11,914.00",2024-03-03
1311,HRL,2024030305002468,8,33,90.00,595.70,"53,613.00",2024-03-03
1312,HRL,2024030305002469,16,33,260.00,595.60,"154,856.00",2024-03-03
1313,HRL,2024030305002470,39,33,120.00,595.50,"71,460.00",2024-03-03
1314,HRL,2024030305002471,1,33,30.00,595.50,"17,865.00",2024-03-03
1315,HRL,2024030305002474,49,45,10.00,595.70,"5,957.00",2024-03-03
1316,HRL,2024030305002475,1,45,20.00,595.50,"11,910.00",2024-03-03
1317,HRL,2024030305002476,38,45,10.00,595.30,"5,953.00",2024-03-03
1318,HRL,2024030305002477,38,41,10.00,595.30,"5,953.00",2024-03-03
1319,HRL,2024030305002479,38,57,20.00,595.30,"11,906.00",2024-03-03
1320,HRL,2024030305002480,38,6,10.00,595.30,"5,953.00",2024-03-03
1321,HRL,2024030305002488,52,7,10.00,595.20,"5,952.00",2024-03-03
1322,HRL,2024030305002491,14,46,20.00,595.30,"11,906.00",2024-03-03
1323,HRL,2024030305002492,14,16,10.00,595.30,"5,953.00",2024-03-03
1324,HRL,2024030305002493,17,58,20.00,595.50,"11,910.00",2024-03-03
1325,HRL,2024030305002494,59,35,10.00,595.60,"5,956.00",2024-03-03
1326,HRL,2024030305002497,48,45,30.00,596.00,"17,880.00",2024-03-03
1327,HRL,2024030305002498,48,42,30.00,596.00,"17,880.00",2024-03-03
1328,HRL,2024030305002499,48,51,10.00,596.00,"5,960.00",2024-03-03
1329,HRL,2024030305002500,48,32,10.00,596.00,"5,960.00",2024-03-03
1330,HRL,2024030305002501,48,26,20.00,596.00,"11,920.00",2024-03-03
1331,HRL,2024030305002502,48,35,10.00,596.00,"5,960.00",2024-03-03
1332,HRL,2024030305002503,48,25,30.00,596.00,"17,880.00",2024-03-03
1333,HRL,2024030305002510,48,32,20.00,595.60,"11,912.00",2024-03-03
1334,HRL,2024030305002511,48,19,10.00,595.60,"5,956.00",2024-03-03
1335,HRL,2024030305002512,48,42,10.00,595.60,"5,956.00",2024-03-03
1336,HRL,2024030305002522,58,32,10.00,596.00,"5,960.00",2024-03-03
1337,HRL,2024030305002523,65,35,30.00,595.70,"17,871.00",2024-03-03
1338,HRL,2024030305002527,65,4,20.00,595.70,"11,914.00",2024-03-03
1339,HRL,2024030305002529,50,6,10.00,596.00,"5,960.00",2024-03-03
1340,HRL,2024030305002532,50,16,20.00,596.00,"11,920.00",2024-03-03
1341,HRL,2024030305002535,14,17,50.00,595.80,"29,790.00",2024-03-03
1342,HRL,2024030305002540,14,28,10.00,595.80,"5,958.00",2024-03-03
1343,HRL,2024030305002541,34,58,10.00,596.00,"5,960.00",2024-03-03
1344,HRL,2024030305002542,34,58,10.00,596.90,"5,969.00",2024-03-03
1345,HRL,2024030305002543,34,26,10.00,596.90,"5,969.00",2024-03-03
1346,HRL,2024030305002545,14,4,20.00,595.80,"11,916.00",2024-03-03
1347,HRL,2024030305002548,14,34,20.00,595.80,"11,916.00",2024-03-03
1348,HRL,2024030305002549,14,21,10.00,595.80,"5,958.00",2024-03-03
1349,HRL,2024030305002550,14,48,51.00,595.80,"30,385.80",2024-03-03
1350,HRL,2024030305002551,65,48,49.00,595.70,"29,189.30",2024-03-03
1351,HRL,2024030305002553,8,57,100.00,595.90,"59,590.00",2024-03-03
1352,HRL,2024030305002554,63,58,10.00,596.00,"5,960.00",2024-03-03
1353,HRL,2024030305002555,63,34,20.00,597.00,"11,940.00",2024-03-03
1354,HRL,2024030305002556,63,56,30.00,597.00,"17,910.00",2024-03-03
1355,HRL,2024030305002557,65,14,20.00,595.70,"11,914.00",2024-03-03
1356,HRL,2024030305002558,65,38,10.00,595.70,"5,957.00",2024-03-03
1357,HRL,2024030305002560,65,4,20.00,595.70,"11,914.00",2024-03-03
1358,HRL,2024030305002562,65,4,20.00,595.70,"11,914.00",2024-03-03
1359,HRL,2024030305002569,34,58,10.00,596.00,"5,960.00",2024-03-03
1360,HRL,2024030305002574,34,58,10.00,596.00,"5,960.00",2024-03-03
1361,HRL,2024030305002576,34,4,30.00,596.00,"17,880.00",2024-03-03
1362,HRL,2024030305002579,57,4,70.00,596.00,"41,720.00",2024-03-03
1363,HRL,2024030305002580,57,35,10.00,596.00,"5,960.00",2024-03-03
1364,HRL,2024030305002581,57,29,420.00,596.50,"250,530.00",2024-03-03
1365,HRL,2024030305002584,16,4,20.00,596.00,"11,920.00",2024-03-03
1366,HRL,2024030305002585,16,47,10.00,596.00,"5,960.00",2024-03-03
1367,HRL,2024030305002586,16,55,20.00,596.00,"11,920.00",2024-03-03
1368,HRL,2024030305002589,58,29,10.00,596.50,"5,965.00",2024-03-03
1369,HRL,2024030305002591,16,33,10.00,596.00,"5,960.00",2024-03-03
1370,HRL,2024030305002595,45,29,49.00,596.50,"29,228.50",2024-03-03
1371,HRL,2024030305002597,33,4,10.00,596.10,"5,961.00",2024-03-03
1372,HRL,2024030305002598,16,4,10.00,596.00,"5,960.00",2024-03-03
1373,HRL,2024030305002599,16,48,40.00,596.00,"23,840.00",2024-03-03
1374,HRL,2024030305002601,57,29,21.00,596.50,"12,526.50",2024-03-03
1375,HRL,2024030305002602,57,57,10.00,597.00,"5,970.00",2024-03-03
1376,HRL,2024030305002603,57,28,20.00,597.00,"11,940.00",2024-03-03
1377,HRL,2024030305002604,57,45,141.00,598.00,"84,318.00",2024-03-03
1378,HRL,2024030305002605,57,35,10.00,598.00,"5,980.00",2024-03-03
1379,HRL,2024030305002606,57,45,10.00,598.00,"5,980.00",2024-03-03
1380,HRL,2024030305002607,57,39,275.00,598.00,"164,450.00",2024-03-03
1381,HRL,2024030305002608,57,53,10.00,598.00,"5,980.00",2024-03-03
1382,HRL,2024030305002609,16,49,10.00,596.00,"5,960.00",2024-03-03
1383,HRL,2024030305002610,16,4,20.00,596.00,"11,920.00",2024-03-03
1384,HRL,2024030305002612,16,36,10.00,596.00,"5,960.00",2024-03-03
1385,HRL,2024030305002613,16,91,20.00,596.00,"11,920.00",2024-03-03
1386,HRL,2024030305002618,56,35,30.00,596.10,"17,883.00",2024-03-03
1387,HRL,2024030305002619,56,4,20.00,596.10,"11,922.00",2024-03-03
1388,HRL,2024030305002620,16,44,330.00,596.00,"196,680.00",2024-03-03
1389,HRL,2024030305002621,38,44,50.00,596.00,"29,800.00",2024-03-03
1390,HRL,2024030305002622,58,44,80.00,596.00,"47,680.00",2024-03-03
1391,HRL,2024030305002623,8,44,100.00,596.00,"59,600.00",2024-03-03
1392,HRL,2024030305002624,8,44,40.00,596.00,"23,840.00",2024-03-03
1393,HRL,2024030305002625,42,35,10.00,597.00,"5,970.00",2024-03-03
1394,HRL,2024030305002626,35,44,100.00,596.00,"59,600.00",2024-03-03
1395,HRL,2024030305002631,8,44,50.00,596.00,"29,800.00",2024-03-03
1396,HRL,2024030305002632,50,44,30.00,596.00,"17,880.00",2024-03-03
1397,HRL,2024030305002635,47,38,20.00,595.80,"11,916.00",2024-03-03
1398,HRL,2024030305002636,47,4,20.00,595.80,"11,916.00",2024-03-03
1399,HRL,2024030305002637,56,44,10.00,596.00,"5,960.00",2024-03-03
1400,HRL,2024030305002643,32,44,10.00,596.00,"5,960.00",2024-03-03
1401,HRL,2024030305002644,32,32,60.00,596.00,"35,760.00",2024-03-03
1402,HRL,2024030305002645,32,50,20.00,596.00,"11,920.00",2024-03-03
1403,HRL,2024030305002647,32,4,10.00,596.00,"5,960.00",2024-03-03
1404,HRL,2024030305002649,43,58,10.00,596.00,"5,960.00",2024-03-03
1405,HRL,2024030305002650,17,58,80.00,596.00,"47,680.00",2024-03-03
1406,HRL,2024030305002652,35,58,485.00,596.00,"289,060.00",2024-03-03
1407,HRL,2024030305002653,35,38,10.00,596.00,"5,960.00",2024-03-03
1408,HRL,2024030305002654,35,58,10.00,596.00,"5,960.00",2024-03-03
1409,HRL,2024030305002659,35,58,10.00,596.00,"5,960.00",2024-03-03
1410,HRL,2024030305002663,35,49,485.00,596.00,"289,060.00",2024-03-03
1411,HRL,2024030305002664,19,49,10.00,596.00,"5,960.00",2024-03-03
1412,HRL,2024030305002665,42,49,500.00,596.00,"298,000.00",2024-03-03
1413,HRL,2024030305002666,36,49,100.00,596.00,"59,600.00",2024-03-03
1414,HRL,2024030305002667,47,49,60.00,595.80,"35,748.00",2024-03-03
1415,HRL,2024030305002668,22,49,100.00,595.80,"59,580.00",2024-03-03
1416,HRL,2024030305002669,26,49,100.00,595.80,"59,580.00",2024-03-03
1417,HRL,2024030305002670,59,49,50.00,595.80,"29,790.00",2024-03-03
1418,HRL,2024030305002671,65,49,31.00,595.70,"18,466.70",2024-03-03
1419,HRL,2024030305002672,29,49,600.00,595.70,"357,420.00",2024-03-03
1420,HRL,2024030305002673,94,49,200.00,595.70,"119,140.00",2024-03-03
1421,HRL,2024030305002674,41,49,165.00,595.70,"98,290.50",2024-03-03
1422,HRL,2024030305002675,48,49,599.00,595.60,"356,764.40",2024-03-03
1423,HRL,2024030305002677,38,58,20.00,597.00,"11,940.00",2024-03-03
1424,HRL,2024030305002678,21,58,10.00,596.00,"5,960.00",2024-03-03
1425,HRL,2024030305002679,48,25,10.00,595.60,"5,956.00",2024-03-03
1426,HRL,2024030305002680,45,4,10.00,596.00,"5,960.00",2024-03-03
1427,HRL,2024030305002684,45,42,10.00,596.00,"5,960.00",2024-03-03
1428,HRL,2024030305002687,45,47,10.00,596.00,"5,960.00",2024-03-03
1429,HRL,2024030305002695,45,49,10.00,596.00,"5,960.00",2024-03-03
1430,HRL,2024030305002696,45,42,10.00,596.00,"5,960.00",2024-03-03
1431,HRL,2024030305002697,45,29,20.00,596.00,"11,920.00",2024-03-03
1432,HRL,2024030305002699,45,58,10.00,597.00,"5,970.00",2024-03-03
1433,HRL,2024030305002700,45,22,10.00,597.00,"5,970.00",2024-03-03
1434,HRL,2024030305002702,45,4,10.00,596.00,"5,960.00",2024-03-03
1435,HRL,2024030305002706,45,55,10.00,596.00,"5,960.00",2024-03-03
1436,HRL,2024030305002707,17,22,10.00,597.00,"5,970.00",2024-03-03
1437,HRL,2024030305002708,45,36,10.00,596.00,"5,960.00",2024-03-03
1438,HRL,2024030305002709,50,42,10.00,596.00,"5,960.00",2024-03-03
1439,HRL,2024030305002710,50,47,10.00,596.00,"5,960.00",2024-03-03
1440,HRL,2024030305002716,63,14,10.00,597.00,"5,970.00",2024-03-03
1441,HRL,2024030305002717,63,47,10.00,597.00,"5,970.00",2024-03-03
1442,HRL,2024030305002718,63,35,10.00,597.00,"5,970.00",2024-03-03
1443,HRL,2024030305002719,63,28,20.00,597.00,"11,940.00",2024-03-03
1444,HRL,2024030305002722,50,57,10.00,596.00,"5,960.00",2024-03-03
1445,HRL,2024030305002723,50,58,10.00,596.00,"5,960.00",2024-03-03
1446,HRL,2024030305002726,50,55,10.00,596.00,"5,960.00",2024-03-03
1447,HRL,2024030305002729,50,34,10.00,596.00,"5,960.00",2024-03-03
1448,HRL,2024030305002732,50,49,10.00,596.00,"5,960.00",2024-03-03
1449,HRL,2024030305002733,29,13,10.00,596.00,"5,960.00",2024-03-03
1450,HRL,2024030305002736,29,17,10.00,596.00,"5,960.00",2024-03-03
1451,HRL,2024030305002737,21,45,10.00,597.00,"5,970.00",2024-03-03
1452,HRL,2024030305002738,55,3,10.00,597.90,"5,979.00",2024-03-03
1453,HRL,2024030305002740,29,3,80.00,597.90,"47,832.00",2024-03-03
1454,HRL,2024030305002743,55,3,10.00,597.90,"5,979.00",2024-03-03
1455,HRL,2024030305002744,55,49,10.00,597.90,"5,979.00",2024-03-03
1456,HRL,2024030305002745,55,35,10.00,598.00,"5,980.00",2024-03-03
1457,HRL,2024030305002746,21,28,20.00,597.00,"11,940.00",2024-03-03
1458,HRL,2024030305002749,55,54,10.00,597.90,"5,979.00",2024-03-03
1459,HRL,2024030305002757,53,44,15.00,597.10,"8,956.50",2024-03-03
1460,HRL,2024030305002758,58,44,20.00,596.60,"11,932.00",2024-03-03
1461,HRL,2024030305002759,53,44,100.00,596.50,"59,650.00",2024-03-03
1462,HRL,2024030305002760,57,44,500.00,596.00,"298,000.00",2024-03-03
1463,HRL,2024030305002761,45,44,40.00,596.00,"23,840.00",2024-03-03
1464,HRL,2024030305002768,22,63,10.00,597.00,"5,970.00",2024-03-03
1465,HRL,2024030305002769,56,63,10.00,597.00,"5,970.00",2024-03-03
1466,HRL,2024030305002770,56,35,10.00,597.00,"5,970.00",2024-03-03
1467,HRL,2024030305002771,56,49,10.00,597.00,"5,970.00",2024-03-03
1468,HRL,2024030305002772,56,54,10.00,597.00,"5,970.00",2024-03-03
1469,HRL,2024030305002773,63,52,20.00,597.10,"11,942.00",2024-03-03
1470,HRL,2024030305002774,56,44,10.00,597.00,"5,970.00",2024-03-03
1471,HRL,2024030305002775,57,44,70.00,597.00,"41,790.00",2024-03-03
1472,HRL,2024030305002777,32,21,10.00,596.10,"5,961.00",2024-03-03
1473,HRL,2024030305002780,32,58,10.00,596.10,"5,961.00",2024-03-03
1474,HRL,2024030305002781,32,34,20.00,596.10,"11,922.00",2024-03-03
1475,HRL,2024030305002783,57,41,20.00,597.00,"11,940.00",2024-03-03
1476,HRL,2024030305002785,57,54,10.00,597.00,"5,970.00",2024-03-03
1477,HRL,2024030305002793,57,40,10.00,597.00,"5,970.00",2024-03-03
1478,HRL,2024030305002794,57,43,20.00,597.00,"11,940.00",2024-03-03
1479,HRL,2024030305002795,57,26,30.00,597.00,"17,910.00",2024-03-03
1480,HRL,2024030305002799,55,58,10.00,597.10,"5,971.00",2024-03-03
1481,HRL,2024030305002800,55,32,30.00,597.10,"17,913.00",2024-03-03
1482,HRL,2024030305002801,55,45,20.00,597.10,"11,942.00",2024-03-03
1483,HRL,2024030305002802,55,28,10.00,597.10,"5,971.00",2024-03-03
1484,HRL,2024030305002809,55,4,10.00,597.10,"5,971.00",2024-03-03
1485,HRL,2024030305002812,55,34,20.00,597.10,"11,942.00",2024-03-03
1486,HRL,2024030305002817,55,38,10.00,597.10,"5,971.00",2024-03-03
1487,HRL,2024030305002819,55,8,10.00,597.10,"5,971.00",2024-03-03
1488,HRL,2024030305002820,38,59,10.00,597.80,"5,978.00",2024-03-03
1489,HRL,2024030305002821,38,55,20.00,597.80,"11,956.00",2024-03-03
1490,HRL,2024030305002822,38,6,20.00,597.90,"11,958.00",2024-03-03
1491,HRL,2024030305002823,38,3,50.00,597.90,"29,895.00",2024-03-03
1492,HRL,2024030305002824,55,52,10.00,597.10,"5,971.00",2024-03-03
1493,HRL,2024030305002825,55,58,10.00,597.10,"5,971.00",2024-03-03
1494,HRL,2024030305002826,55,47,10.00,597.10,"5,971.00",2024-03-03
1495,HRL,2024030305002827,55,45,10.00,597.10,"5,971.00",2024-03-03
