SN,Symbol,Transaction No.,Buyer Broker,Seller Broker,Share Quantity,Rate(Rs),Amount(Rs),Traded Date
1,HRL,2024040905000004,55,8,10.00,596.00,"5,960.00",2024-04-09
2,HRL,2024040905000005,8,8,15.00,596.00,"8,940.00",2024-04-09
3,HRL,2024040905000006,8,48,20.00,596.00,"11,920.00",2024-04-09
4,HRL,2024040905000007,8,35,10.00,596.00,"5,960.00",2024-04-09
5,HRL,2024040905000008,36,45,10.00,600.00,"6,000.00",2024-04-09
6,HRL,2024040905000009,36,38,10.00,600.00,"6,000.00",2024-04-09
7,HRL,2024040905000010,36,58,80.00,600.00,"48,000.00",2024-04-09
8,HRL,2024040905000013,13,58,10.00,600.00,"6,000.00",2024-04-09
9,HRL,2024040905000015,57,58,10.00,600.00,"6,000.00",2024-04-09
10,HRL,2024040905000016,57,57,10.00,600.00,"6,000.00",2024-04-09
11,HRL,2024040905000022,88,57,10.00,600.00,"6,000.00",2024-04-09
12,HRL,2024040905000023,88,56,20.00,600.00,"12,000.00",2024-04-09
13,HRL,2024040905000024,88,25,20.00,600.00,"12,000.00",2024-04-09
14,HRL,2024040905000025,88,44,25.00,600.00,"15,000.00",2024-04-09
15,HRL,2024040905000033,42,58,92.00,602.00,"55,384.00",2024-04-09
16,HRL,2024040905000037,39,58,20.00,602.00,"12,040.00",2024-04-09
17,HRL,2024040905000038,65,58,38.00,602.00,"22,876.00",2024-04-09
18,HRL,2024040905000039,65,58,20.00,603.00,"12,060.00",2024-04-09
19,HRL,2024040905000040,65,35,10.00,603.00,"6,030.00",2024-04-09
20,HRL,2024040905000041,65,33,140.00,605.00,"84,700.00",2024-04-09
21,HRL,2024040905000042,65,45,100.00,605.00,"60,500.00",2024-04-09
22,HRL,2024040905000043,65,55,20.00,605.00,"12,100.00",2024-04-09
23,HRL,2024040905000044,65,14,10.00,605.00,"6,050.00",2024-04-09
24,HRL,2024040905000045,65,13,100.00,605.00,"60,500.00",2024-04-09
25,HRL,2024040905000046,65,58,10.00,605.00,"6,050.00",2024-04-09
26,HRL,2024040905000047,65,44,10.00,606.00,"6,060.00",2024-04-09
27,HRL,2024040905000048,65,14,10.00,606.00,"6,060.00",2024-04-09
28,HRL,2024040905000049,65,22,30.00,606.00,"18,180.00",2024-04-09
29,HRL,2024040905000050,25,22,20.00,601.00,"12,020.00",2024-04-09
30,HRL,2024040905000052,46,3,20.00,602.00,"12,040.00",2024-04-09
31,HRL,2024040905000053,46,58,10.00,602.00,"6,020.00",2024-04-09
32,HRL,2024040905000055,22,41,10.00,603.00,"6,030.00",2024-04-09
33,HRL,2024040905000056,22,21,91.00,603.00,"54,873.00",2024-04-09
34,HRL,2024040905000061,22,58,10.00,603.00,"6,030.00",2024-04-09
35,HRL,2024040905000062,22,47,10.00,603.00,"6,030.00",2024-04-09
36,HRL,2024040905000064,22,94,20.00,603.00,"12,060.00",2024-04-09
37,HRL,2024040905000065,22,6,10.00,603.00,"6,030.00",2024-04-09
38,HRL,2024040905000067,22,42,10.00,603.00,"6,030.00",2024-04-09
39,HRL,2024040905000068,22,1,10.00,603.00,"6,030.00",2024-04-09
40,HRL,2024040905000071,22,1,10.00,603.00,"6,030.00",2024-04-09
41,HRL,2024040905000078,58,35,10.00,604.00,"6,040.00",2024-04-09
42,HRL,2024040905000080,58,58,10.00,604.00,"6,040.00",2024-04-09
43,HRL,2024040905000081,58,42,30.00,604.00,"18,120.00",2024-04-09
44,HRL,2024040905000084,58,16,10.00,604.00,"6,040.00",2024-04-09
45,HRL,2024040905000085,58,13,10.00,604.00,"6,040.00",2024-04-09
46,HRL,2024040905000088,22,4,20.00,604.10,"12,082.00",2024-04-09
47,HRL,2024040905000089,28,4,10.00,605.00,"6,050.00",2024-04-09
48,HRL,2024040905000090,28,59,10.00,605.00,"6,050.00",2024-04-09
49,HRL,2024040905000091,28,45,480.00,605.00,"290,400.00",2024-04-09
50,HRL,2024040905000093,22,58,10.00,604.10,"6,041.00",2024-04-09
51,HRL,2024040905000095,22,17,20.00,604.10,"12,082.00",2024-04-09
52,HRL,2024040905000098,22,3,10.00,604.10,"6,041.00",2024-04-09
53,HRL,2024040905000101,22,49,10.00,604.10,"6,041.00",2024-04-09
54,HRL,2024040905000102,22,38,10.00,604.10,"6,041.00",2024-04-09
55,HRL,2024040905000104,19,44,10.00,604.20,"6,042.00",2024-04-09
56,HRL,2024040905000107,55,45,50.00,605.00,"30,250.00",2024-04-09
57,HRL,2024040905000113,48,45,20.00,605.00,"12,100.00",2024-04-09
58,HRL,2024040905000114,48,35,20.00,605.00,"12,100.00",2024-04-09
59,HRL,2024040905000115,48,48,10.00,605.00,"6,050.00",2024-04-09
60,HRL,2024040905000117,19,6,30.00,604.20,"18,126.00",2024-04-09
61,HRL,2024040905000118,19,59,10.00,604.20,"6,042.00",2024-04-09
62,HRL,2024040905000124,19,44,10.00,604.20,"6,042.00",2024-04-09
63,HRL,2024040905000132,25,35,10.00,604.50,"6,045.00",2024-04-09
64,HRL,2024040905000133,47,48,90.00,605.00,"54,450.00",2024-04-09
65,HRL,2024040905000134,47,49,10.00,605.00,"6,050.00",2024-04-09
66,HRL,2024040905000135,47,42,10.00,605.00,"6,050.00",2024-04-09
67,HRL,2024040905000136,47,19,10.00,605.00,"6,050.00",2024-04-09
68,HRL,2024040905000137,47,6,10.00,605.00,"6,050.00",2024-04-09
69,HRL,2024040905000138,47,44,10.00,605.00,"6,050.00",2024-04-09
70,HRL,2024040905000139,47,17,10.00,605.00,"6,050.00",2024-04-09
71,HRL,2024040905000140,47,3,10.00,605.00,"6,050.00",2024-04-09
72,HRL,2024040905000141,47,35,10.00,605.00,"6,050.00",2024-04-09
73,HRL,2024040905000142,47,17,10.00,605.00,"6,050.00",2024-04-09
74,HRL,2024040905000146,47,49,10.00,605.00,"6,050.00",2024-04-09
75,HRL,2024040905000147,47,57,10.00,605.00,"6,050.00",2024-04-09
76,HRL,2024040905000151,4,6,10.00,605.00,"6,050.00",2024-04-09
77,HRL,2024040905000155,48,57,10.00,605.00,"6,050.00",2024-04-09
78,HRL,2024040905000158,48,42,30.00,605.00,"18,150.00",2024-04-09
79,HRL,2024040905000161,48,47,60.00,605.00,"36,300.00",2024-04-09
80,HRL,2024040905000165,22,58,198.00,604.60,"119,710.80",2024-04-09
81,HRL,2024040905000166,22,38,20.00,604.60,"12,092.00",2024-04-09
82,HRL,2024040905000167,22,65,500.00,604.60,"302,300.00",2024-04-09
83,HRL,2024040905000168,22,82,21.00,604.60,"12,696.60",2024-04-09
84,HRL,2024040905000169,25,82,90.00,604.50,"54,405.00",2024-04-09
85,HRL,2024040905000170,19,82,440.00,604.20,"265,848.00",2024-04-09
86,HRL,2024040905000171,58,82,55.00,604.00,"33,220.00",2024-04-09
87,HRL,2024040905000172,56,82,10.00,604.00,"6,040.00",2024-04-09
88,HRL,2024040905000173,22,82,26.00,604.00,"15,704.00",2024-04-09
89,HRL,2024040905000174,59,82,30.00,604.00,"18,120.00",2024-04-09
90,HRL,2024040905000175,52,82,50.00,604.00,"30,200.00",2024-04-09
91,HRL,2024040905000179,17,45,10.00,603.00,"6,030.00",2024-04-09
92,HRL,2024040905000180,17,42,10.00,603.00,"6,030.00",2024-04-09
93,HRL,2024040905000181,17,22,60.00,603.00,"36,180.00",2024-04-09
94,HRL,2024040905000184,17,94,20.00,603.00,"12,060.00",2024-04-09
95,HRL,2024040905000185,46,17,20.00,602.00,"12,040.00",2024-04-09
96,HRL,2024040905000186,17,38,10.00,602.00,"6,020.00",2024-04-09
97,HRL,2024040905000187,17,17,20.00,602.00,"12,040.00",2024-04-09
98,HRL,2024040905000189,36,82,20.00,604.00,"12,080.00",2024-04-09
99,HRL,2024040905000190,42,82,100.00,604.00,"60,400.00",2024-04-09
100,HRL,2024040905000193,17,94,10.00,602.00,"6,020.00",2024-04-09
101,HRL,2024040905000194,25,17,20.00,601.00,"12,020.00",2024-04-09
102,HRL,2024040905000198,57,14,10.00,602.00,"6,020.00",2024-04-09
103,HRL,2024040905000199,57,19,40.00,602.00,"24,080.00",2024-04-09
104,HRL,2024040905000207,39,94,39.00,601.10,"23,442.90",2024-04-09
105,HRL,2024040905000208,25,94,91.00,601.00,"54,691.00",2024-04-09
106,HRL,2024040905000214,25,40,19.00,601.00,"11,419.00",2024-04-09
107,HRL,2024040905000215,88,42,10.00,600.00,"6,000.00",2024-04-09
108,HRL,2024040905000217,88,36,10.00,600.00,"6,000.00",2024-04-09
109,HRL,2024040905000220,44,94,50.00,600.00,"30,000.00",2024-04-09
110,HRL,2024040905000221,32,94,150.00,600.00,"90,000.00",2024-04-09
111,HRL,2024040905000222,32,57,20.00,600.00,"12,000.00",2024-04-09
112,HRL,2024040905000226,32,46,10.00,600.00,"6,000.00",2024-04-09
113,HRL,2024040905000229,7,6,20.00,600.90,"12,018.00",2024-04-09
114,HRL,2024040905000230,7,40,11.00,601.00,"6,611.00",2024-04-09
115,HRL,2024040905000231,7,19,20.00,602.00,"12,040.00",2024-04-09
116,HRL,2024040905000232,7,14,20.00,603.00,"12,060.00",2024-04-09
117,HRL,2024040905000235,32,6,10.00,600.00,"6,000.00",2024-04-09
118,HRL,2024040905000236,32,46,10.00,600.00,"6,000.00",2024-04-09
119,HRL,2024040905000237,58,46,10.00,600.00,"6,000.00",2024-04-09
120,HRL,2024040905000238,58,16,20.00,600.00,"12,000.00",2024-04-09
121,HRL,2024040905000242,45,51,20.00,600.00,"12,000.00",2024-04-09
122,HRL,2024040905000243,45,32,30.00,600.00,"18,000.00",2024-04-09
123,HRL,2024040905000245,58,32,11.00,600.00,"6,600.00",2024-04-09
124,HRL,2024040905000246,37,58,10.00,599.00,"5,990.00",2024-04-09
125,HRL,2024040905000248,37,42,10.00,599.00,"5,990.00",2024-04-09
126,HRL,2024040905000251,37,54,10.00,599.00,"5,990.00",2024-04-09
127,HRL,2024040905000263,37,29,10.00,599.00,"5,990.00",2024-04-09
128,HRL,2024040905000266,37,1,10.00,599.00,"5,990.00",2024-04-09
129,HRL,2024040905000267,37,66,50.00,599.00,"29,950.00",2024-04-09
130,HRL,2024040905000268,45,66,50.00,599.00,"29,950.00",2024-04-09
131,HRL,2024040905000272,51,66,10.00,599.00,"5,990.00",2024-04-09
132,HRL,2024040905000274,49,66,30.00,598.00,"17,940.00",2024-04-09
133,HRL,2024040905000275,14,66,50.00,598.00,"29,900.00",2024-04-09
134,HRL,2024040905000276,65,66,270.00,598.00,"161,460.00",2024-04-09
135,HRL,2024040905000278,3,1,10.00,597.40,"5,974.00",2024-04-09
136,HRL,2024040905000284,7,66,19.00,598.00,"11,362.00",2024-04-09
137,HRL,2024040905000285,22,35,10.00,597.60,"5,976.00",2024-04-09
138,HRL,2024040905000288,22,58,10.00,597.60,"5,976.00",2024-04-09
139,HRL,2024040905000289,22,1,10.00,597.60,"5,976.00",2024-04-09
140,HRL,2024040905000290,21,66,21.00,598.00,"12,558.00",2024-04-09
141,HRL,2024040905000292,22,59,10.00,597.60,"5,976.00",2024-04-09
142,HRL,2024040905000293,42,55,10.00,598.00,"5,980.00",2024-04-09
143,HRL,2024040905000297,42,1,10.00,598.00,"5,980.00",2024-04-09
144,HRL,2024040905000298,42,43,10.00,598.00,"5,980.00",2024-04-09
145,HRL,2024040905000299,42,59,20.00,598.00,"11,960.00",2024-04-09
146,HRL,2024040905000300,33,44,10.00,599.00,"5,990.00",2024-04-09
147,HRL,2024040905000308,88,51,10.00,599.00,"5,990.00",2024-04-09
148,HRL,2024040905000309,42,58,10.00,598.00,"5,980.00",2024-04-09
149,HRL,2024040905000310,42,59,10.00,598.00,"5,980.00",2024-04-09
150,HRL,2024040905000313,42,58,10.00,598.00,"5,980.00",2024-04-09
151,HRL,2024040905000314,55,36,10.00,598.00,"5,980.00",2024-04-09
152,HRL,2024040905000316,55,49,20.00,598.00,"11,960.00",2024-04-09
153,HRL,2024040905000318,25,29,10.00,599.00,"5,990.00",2024-04-09
154,HRL,2024040905000319,22,42,10.00,598.00,"5,980.00",2024-04-09
155,HRL,2024040905000320,19,32,50.00,600.00,"30,000.00",2024-04-09
156,HRL,2024040905000322,22,35,10.00,598.00,"5,980.00",2024-04-09
157,HRL,2024040905000329,74,59,10.00,598.10,"5,981.00",2024-04-09
158,HRL,2024040905000330,74,58,10.00,598.10,"5,981.00",2024-04-09
159,HRL,2024040905000331,74,4,20.00,598.10,"11,962.00",2024-04-09
160,HRL,2024040905000335,36,95,10.00,600.00,"6,000.00",2024-04-09
161,HRL,2024040905000336,74,45,10.00,598.10,"5,981.00",2024-04-09
162,HRL,2024040905000337,74,34,10.00,598.10,"5,981.00",2024-04-09
163,HRL,2024040905000341,36,47,10.00,598.20,"5,982.00",2024-04-09
164,HRL,2024040905000343,42,51,10.00,598.30,"5,983.00",2024-04-09
165,HRL,2024040905000344,42,47,10.00,598.30,"5,983.00",2024-04-09
166,HRL,2024040905000346,42,29,10.00,598.30,"5,983.00",2024-04-09
167,HRL,2024040905000347,36,53,10.00,598.40,"5,984.00",2024-04-09
168,HRL,2024040905000348,22,53,20.00,598.40,"11,968.00",2024-04-09
169,HRL,2024040905000350,22,58,10.00,598.40,"5,984.00",2024-04-09
170,HRL,2024040905000355,22,49,20.00,598.40,"11,968.00",2024-04-09
171,HRL,2024040905000356,22,38,10.00,598.40,"5,984.00",2024-04-09
172,HRL,2024040905000357,22,34,10.00,598.40,"5,984.00",2024-04-09
173,HRL,2024040905000360,58,38,10.00,598.50,"5,985.00",2024-04-09
174,HRL,2024040905000361,36,74,20.00,598.60,"11,972.00",2024-04-09
175,HRL,2024040905000366,36,38,10.00,598.60,"5,986.00",2024-04-09
176,HRL,2024040905000368,21,41,20.00,599.00,"11,980.00",2024-04-09
177,HRL,2024040905000373,33,38,10.00,599.00,"5,990.00",2024-04-09
178,HRL,2024040905000374,48,55,10.00,599.00,"5,990.00",2024-04-09
179,HRL,2024040905000375,22,95,40.00,600.00,"24,000.00",2024-04-09
180,HRL,2024040905000376,22,58,10.00,600.00,"6,000.00",2024-04-09
181,HRL,2024040905000377,22,14,20.00,600.00,"12,000.00",2024-04-09
182,HRL,2024040905000378,22,38,10.00,600.00,"6,000.00",2024-04-09
183,HRL,2024040905000379,22,58,10.00,600.00,"6,000.00",2024-04-09
184,HRL,2024040905000380,22,4,10.00,600.00,"6,000.00",2024-04-09
185,HRL,2024040905000381,22,52,10.00,600.00,"6,000.00",2024-04-09
186,HRL,2024040905000382,22,52,20.00,600.00,"12,000.00",2024-04-09
187,HRL,2024040905000383,22,49,10.00,600.00,"6,000.00",2024-04-09
188,HRL,2024040905000384,22,58,10.00,600.00,"6,000.00",2024-04-09
189,HRL,2024040905000385,22,58,20.00,600.00,"12,000.00",2024-04-09
190,HRL,2024040905000386,22,42,10.00,600.00,"6,000.00",2024-04-09
191,HRL,2024040905000387,22,47,10.00,600.00,"6,000.00",2024-04-09
192,HRL,2024040905000388,22,35,20.00,600.00,"12,000.00",2024-04-09
193,HRL,2024040905000389,22,42,100.00,600.00,"60,000.00",2024-04-09
194,HRL,2024040905000390,22,35,10.00,600.00,"6,000.00",2024-04-09
195,HRL,2024040905000391,22,21,30.00,600.00,"18,000.00",2024-04-09
196,HRL,2024040905000394,22,58,110.00,600.00,"66,000.00",2024-04-09
197,HRL,2024040905000395,36,58,319.00,600.00,"191,400.00",2024-04-09
198,HRL,2024040905000396,36,58,10.00,600.00,"6,000.00",2024-04-09
199,HRL,2024040905000398,36,6,10.00,600.00,"6,000.00",2024-04-09
200,HRL,2024040905000399,36,42,10.00,600.00,"6,000.00",2024-04-09
201,HRL,2024040905000405,48,8,30.00,599.00,"17,970.00",2024-04-09
202,HRL,2024040905000406,48,35,10.00,599.00,"5,990.00",2024-04-09
203,HRL,2024040905000408,36,1,10.00,600.00,"6,000.00",2024-04-09
204,HRL,2024040905000409,56,59,10.00,600.00,"6,000.00",2024-04-09
205,HRL,2024040905000418,48,53,40.00,599.00,"23,960.00",2024-04-09
206,HRL,2024040905000428,48,42,10.00,599.00,"5,990.00",2024-04-09
207,HRL,2024040905000429,48,44,10.00,599.00,"5,990.00",2024-04-09
208,HRL,2024040905000440,48,34,10.00,599.00,"5,990.00",2024-04-09
209,HRL,2024040905000442,48,58,10.00,599.00,"5,990.00",2024-04-09
210,HRL,2024040905000446,48,50,10.00,599.00,"5,990.00",2024-04-09
211,HRL,2024040905000447,48,58,10.00,599.00,"5,990.00",2024-04-09
212,HRL,2024040905000448,48,18,10.00,599.00,"5,990.00",2024-04-09
213,HRL,2024040905000450,28,1,10.00,600.00,"6,000.00",2024-04-09
214,HRL,2024040905000451,28,18,10.00,600.00,"6,000.00",2024-04-09
215,HRL,2024040905000452,28,58,30.00,600.00,"18,000.00",2024-04-09
216,HRL,2024040905000453,28,45,10.00,600.00,"6,000.00",2024-04-09
217,HRL,2024040905000454,28,14,10.00,600.00,"6,000.00",2024-04-09
218,HRL,2024040905000455,28,52,10.00,600.00,"6,000.00",2024-04-09
219,HRL,2024040905000456,48,46,20.00,599.00,"11,980.00",2024-04-09
220,HRL,2024040905000460,48,38,10.00,599.00,"5,990.00",2024-04-09
221,HRL,2024040905000463,48,53,10.00,599.00,"5,990.00",2024-04-09
222,HRL,2024040905000469,58,17,10.00,598.80,"5,988.00",2024-04-09
223,HRL,2024040905000470,58,38,20.00,598.80,"11,976.00",2024-04-09
224,HRL,2024040905000474,58,33,10.00,598.80,"5,988.00",2024-04-09
225,HRL,2024040905000476,21,35,10.00,599.00,"5,990.00",2024-04-09
226,HRL,2024040905000477,21,18,10.00,599.00,"5,990.00",2024-04-09
227,HRL,2024040905000478,49,1,10.00,600.00,"6,000.00",2024-04-09
228,HRL,2024040905000479,49,57,40.00,600.00,"24,000.00",2024-04-09
229,HRL,2024040905000480,49,37,10.00,600.00,"6,000.00",2024-04-09
230,HRL,2024040905000481,49,49,20.00,600.00,"12,000.00",2024-04-09
231,HRL,2024040905000482,49,35,20.00,600.00,"12,000.00",2024-04-09
232,HRL,2024040905000489,29,42,10.00,599.00,"5,990.00",2024-04-09
233,HRL,2024040905000494,29,33,10.00,599.00,"5,990.00",2024-04-09
234,HRL,2024040905000497,34,35,10.00,600.00,"6,000.00",2024-04-09
235,HRL,2024040905000498,34,57,20.00,600.00,"12,000.00",2024-04-09
236,HRL,2024040905000499,34,56,10.00,601.00,"6,010.00",2024-04-09
237,HRL,2024040905000500,34,35,10.00,601.00,"6,010.00",2024-04-09
238,HRL,2024040905000501,34,52,10.00,601.00,"6,010.00",2024-04-09
239,HRL,2024040905000502,34,29,10.00,601.90,"6,019.00",2024-04-09
240,HRL,2024040905000503,34,21,10.00,602.00,"6,020.00",2024-04-09
241,HRL,2024040905000504,34,54,10.00,602.00,"6,020.00",2024-04-09
242,HRL,2024040905000505,34,42,10.00,602.00,"6,020.00",2024-04-09
243,HRL,2024040905000506,29,8,10.00,599.00,"5,990.00",2024-04-09
244,HRL,2024040905000507,29,18,10.00,599.00,"5,990.00",2024-04-09
245,HRL,2024040905000508,29,6,10.00,599.00,"5,990.00",2024-04-09
246,HRL,2024040905000509,29,33,10.00,599.00,"5,990.00",2024-04-09
247,HRL,2024040905000512,58,71,20.00,599.10,"11,982.00",2024-04-09
248,HRL,2024040905000514,58,33,10.00,599.10,"5,991.00",2024-04-09
249,HRL,2024040905000517,58,18,10.00,599.10,"5,991.00",2024-04-09
250,HRL,2024040905000520,58,41,40.00,599.10,"23,964.00",2024-04-09
251,HRL,2024040905000521,58,56,68.00,599.10,"40,738.80",2024-04-09
252,HRL,2024040905000522,29,56,52.00,599.00,"31,148.00",2024-04-09
253,HRL,2024040905000527,29,58,10.00,599.00,"5,990.00",2024-04-09
254,HRL,2024040905000534,29,17,10.00,599.00,"5,990.00",2024-04-09
255,HRL,2024040905000536,29,53,10.00,599.00,"5,990.00",2024-04-09
256,HRL,2024040905000537,56,8,30.00,599.00,"17,970.00",2024-04-09
257,HRL,2024040905000538,74,58,10.00,600.00,"6,000.00",2024-04-09
258,HRL,2024040905000539,74,57,10.00,600.00,"6,000.00",2024-04-09
259,HRL,2024040905000540,74,58,10.00,600.00,"6,000.00",2024-04-09
260,HRL,2024040905000541,74,34,10.00,600.00,"6,000.00",2024-04-09
261,HRL,2024040905000542,58,58,10.00,599.50,"5,995.00",2024-04-09
262,HRL,2024040905000543,58,39,10.00,599.50,"5,995.00",2024-04-09
263,HRL,2024040905000544,58,57,10.00,599.50,"5,995.00",2024-04-09
264,HRL,2024040905000568,36,34,10.00,600.00,"6,000.00",2024-04-09
265,HRL,2024040905000569,36,13,20.00,600.00,"12,000.00",2024-04-09
266,HRL,2024040905000570,36,41,10.00,600.00,"6,000.00",2024-04-09
267,HRL,2024040905000572,36,58,30.00,600.00,"18,000.00",2024-04-09
268,HRL,2024040905000574,40,19,10.00,602.00,"6,020.00",2024-04-09
269,HRL,2024040905000576,36,35,20.00,600.00,"12,000.00",2024-04-09
270,HRL,2024040905000577,36,94,10.00,600.00,"6,000.00",2024-04-09
271,HRL,2024040905000579,56,49,10.00,599.00,"5,990.00",2024-04-09
272,HRL,2024040905000580,65,38,10.00,600.00,"6,000.00",2024-04-09
273,HRL,2024040905000581,65,17,20.00,600.00,"12,000.00",2024-04-09
274,HRL,2024040905000582,65,19,10.00,602.00,"6,020.00",2024-04-09
275,HRL,2024040905000583,65,38,10.00,602.00,"6,020.00",2024-04-09
276,HRL,2024040905000584,65,47,30.00,602.00,"18,060.00",2024-04-09
277,HRL,2024040905000585,65,52,10.00,602.00,"6,020.00",2024-04-09
278,HRL,2024040905000586,65,35,10.00,602.00,"6,020.00",2024-04-09
279,HRL,2024040905000587,65,38,10.00,602.00,"6,020.00",2024-04-09
280,HRL,2024040905000588,58,38,10.00,600.00,"6,000.00",2024-04-09
281,HRL,2024040905000589,58,58,10.00,600.00,"6,000.00",2024-04-09
282,HRL,2024040905000591,58,3,10.00,600.00,"6,000.00",2024-04-09
283,HRL,2024040905000600,62,45,10.00,600.00,"6,000.00",2024-04-09
284,HRL,2024040905000601,62,45,10.00,600.00,"6,000.00",2024-04-09
285,HRL,2024040905000602,56,45,10.00,599.00,"5,990.00",2024-04-09
286,HRL,2024040905000603,56,58,10.00,599.00,"5,990.00",2024-04-09
287,HRL,2024040905000604,56,22,20.00,599.00,"11,980.00",2024-04-09
288,HRL,2024040905000605,36,41,10.00,600.00,"6,000.00",2024-04-09
289,HRL,2024040905000606,56,53,10.00,599.00,"5,990.00",2024-04-09
290,HRL,2024040905000607,56,41,10.00,599.00,"5,990.00",2024-04-09
291,HRL,2024040905000610,41,42,11.00,600.00,"6,600.00",2024-04-09
292,HRL,2024040905000614,56,58,10.00,599.00,"5,990.00",2024-04-09
293,HRL,2024040905000615,41,1,10.00,600.00,"6,000.00",2024-04-09
294,HRL,2024040905000619,56,51,10.00,599.00,"5,990.00",2024-04-09
295,HRL,2024040905000620,29,62,10.00,600.00,"6,000.00",2024-04-09
296,HRL,2024040905000622,56,49,10.00,599.00,"5,990.00",2024-04-09
297,HRL,2024040905000623,56,1,10.00,599.00,"5,990.00",2024-04-09
298,HRL,2024040905000624,56,45,10.00,599.00,"5,990.00",2024-04-09
299,HRL,2024040905000626,56,41,10.00,599.00,"5,990.00",2024-04-09
300,HRL,2024040905000642,56,59,100.00,599.00,"59,900.00",2024-04-09
301,HRL,2024040905000646,56,58,10.00,599.00,"5,990.00",2024-04-09
302,HRL,2024040905000647,56,58,10.00,599.00,"5,990.00",2024-04-09
303,HRL,2024040905000648,56,58,10.00,599.00,"5,990.00",2024-04-09
304,HRL,2024040905000649,56,6,10.00,599.00,"5,990.00",2024-04-09
305,HRL,2024040905000650,36,82,111.00,598.90,"66,477.90",2024-04-09
306,HRL,2024040905000651,22,82,110.00,598.70,"65,857.00",2024-04-09
307,HRL,2024040905000652,49,82,500.00,598.70,"299,350.00",2024-04-09
308,HRL,2024040905000653,36,82,270.00,598.60,"161,622.00",2024-04-09
309,HRL,2024040905000654,43,82,30.00,598.50,"17,955.00",2024-04-09
310,HRL,2024040905000655,62,82,500.00,598.50,"299,250.00",2024-04-09
311,HRL,2024040905000656,42,82,479.00,598.40,"286,633.60",2024-04-09
312,HRL,2024040905000657,57,14,10.00,598.80,"5,988.00",2024-04-09
313,HRL,2024040905000662,58,82,200.00,598.50,"119,700.00",2024-04-09
314,HRL,2024040905000663,57,82,190.00,598.50,"113,715.00",2024-04-09
315,HRL,2024040905000664,42,82,561.00,598.40,"335,702.40",2024-04-09
316,HRL,2024040905000665,42,82,94.00,598.30,"56,240.20",2024-04-09
317,HRL,2024040905000666,38,82,100.00,598.00,"59,800.00",2024-04-09
318,HRL,2024040905000667,42,82,500.00,598.00,"299,000.00",2024-04-09
319,HRL,2024040905000668,65,82,355.00,598.00,"212,290.00",2024-04-09
320,HRL,2024040905000671,55,50,40.00,598.50,"23,940.00",2024-04-09
321,HRL,2024040905000672,55,55,10.00,599.00,"5,990.00",2024-04-09
322,HRL,2024040905000673,55,34,45.00,599.80,"26,991.00",2024-04-09
323,HRL,2024040905000674,55,58,30.00,600.00,"18,000.00",2024-04-09
324,HRL,2024040905000675,55,57,20.00,600.00,"12,000.00",2024-04-09
325,HRL,2024040905000676,55,28,10.00,600.00,"6,000.00",2024-04-09
326,HRL,2024040905000677,55,22,10.00,600.00,"6,000.00",2024-04-09
327,HRL,2024040905000678,55,58,10.00,600.00,"6,000.00",2024-04-09
328,HRL,2024040905000679,55,51,200.00,600.00,"120,000.00",2024-04-09
329,HRL,2024040905000680,55,16,10.00,600.00,"6,000.00",2024-04-09
330,HRL,2024040905000681,55,58,30.00,600.00,"18,000.00",2024-04-09
331,HRL,2024040905000682,55,11,20.00,600.00,"12,000.00",2024-04-09
332,HRL,2024040905000683,55,38,10.00,600.00,"6,000.00",2024-04-09
333,HRL,2024040905000684,55,55,10.00,600.00,"6,000.00",2024-04-09
334,HRL,2024040905000685,55,13,10.00,600.00,"6,000.00",2024-04-09
335,HRL,2024040905000686,55,70,10.00,600.00,"6,000.00",2024-04-09
336,HRL,2024040905000687,55,55,"5,000.00",600.00,"3,000,000.00",2024-04-09
337,HRL,2024040905000688,55,58,100.00,600.00,"60,000.00",2024-04-09
338,HRL,2024040905000689,55,32,20.00,600.00,"12,000.00",2024-04-09
339,HRL,2024040905000690,55,45,10.00,600.00,"6,000.00",2024-04-09
340,HRL,2024040905000692,55,56,40.00,600.00,"24,000.00",2024-04-09
341,HRL,2024040905000693,55,14,10.00,600.00,"6,000.00",2024-04-09
342,HRL,2024040905000694,55,41,10.00,600.00,"6,000.00",2024-04-09
343,HRL,2024040905000696,52,5,20.00,601.00,"12,020.00",2024-04-09
344,HRL,2024040905000697,55,49,10.00,600.00,"6,000.00",2024-04-09
345,HRL,2024040905000707,55,36,10.00,600.00,"6,000.00",2024-04-09
346,HRL,2024040905000710,22,1,20.00,600.10,"12,002.00",2024-04-09
347,HRL,2024040905000711,22,42,10.00,600.10,"6,001.00",2024-04-09
348,HRL,2024040905000715,22,43,30.00,600.10,"18,003.00",2024-04-09
349,HRL,2024040905000717,65,56,20.00,601.00,"12,020.00",2024-04-09
350,HRL,2024040905000718,65,52,10.00,601.00,"6,010.00",2024-04-09
351,HRL,2024040905000719,65,41,10.00,601.00,"6,010.00",2024-04-09
352,HRL,2024040905000720,65,35,10.00,602.00,"6,020.00",2024-04-09
353,HRL,2024040905000721,65,58,10.00,602.00,"6,020.00",2024-04-09
354,HRL,2024040905000722,65,1,10.00,602.00,"6,020.00",2024-04-09
355,HRL,2024040905000723,65,52,10.00,602.00,"6,020.00",2024-04-09
356,HRL,2024040905000724,65,35,10.00,602.00,"6,020.00",2024-04-09
357,HRL,2024040905000725,65,45,10.00,602.00,"6,020.00",2024-04-09
358,HRL,2024040905000726,65,45,30.00,602.00,"18,060.00",2024-04-09
359,HRL,2024040905000727,65,41,10.00,602.00,"6,020.00",2024-04-09
360,HRL,2024040905000728,65,1,10.00,602.00,"6,020.00",2024-04-09
361,HRL,2024040905000729,65,32,20.00,602.00,"12,040.00",2024-04-09
362,HRL,2024040905000730,65,43,150.00,602.00,"90,300.00",2024-04-09
363,HRL,2024040905000731,65,56,110.00,602.00,"66,220.00",2024-04-09
364,HRL,2024040905000732,65,49,10.00,602.00,"6,020.00",2024-04-09
365,HRL,2024040905000733,65,55,560.00,602.00,"337,120.00",2024-04-09
366,HRL,2024040905000734,22,49,10.00,600.20,"6,002.00",2024-04-09
367,HRL,2024040905000739,22,58,20.00,600.20,"12,004.00",2024-04-09
368,HRL,2024040905000740,48,57,90.00,601.00,"54,090.00",2024-04-09
369,HRL,2024040905000745,48,58,10.00,601.00,"6,010.00",2024-04-09
370,HRL,2024040905000747,48,41,30.00,601.00,"18,030.00",2024-04-09
371,HRL,2024040905000750,55,55,"1,440.00",602.00,"866,880.00",2024-04-09
372,HRL,2024040905000751,55,52,10.00,602.00,"6,020.00",2024-04-09
373,HRL,2024040905000752,55,58,10.00,602.00,"6,020.00",2024-04-09
374,HRL,2024040905000753,55,35,10.00,602.00,"6,020.00",2024-04-09
375,HRL,2024040905000754,55,18,10.00,602.00,"6,020.00",2024-04-09
376,HRL,2024040905000755,48,57,10.00,601.00,"6,010.00",2024-04-09
377,HRL,2024040905000758,48,58,10.00,601.00,"6,010.00",2024-04-09
378,HRL,2024040905000763,41,58,30.00,602.00,"18,060.00",2024-04-09
379,HRL,2024040905000764,41,58,10.00,602.00,"6,020.00",2024-04-09
380,HRL,2024040905000765,41,1,10.00,602.00,"6,020.00",2024-04-09
381,HRL,2024040905000766,41,16,10.00,602.00,"6,020.00",2024-04-09
382,HRL,2024040905000767,41,38,20.00,602.00,"12,040.00",2024-04-09
383,HRL,2024040905000768,41,57,10.00,602.00,"6,020.00",2024-04-09
384,HRL,2024040905000769,41,47,100.00,602.00,"60,200.00",2024-04-09
385,HRL,2024040905000772,41,35,10.00,602.00,"6,020.00",2024-04-09
386,HRL,2024040905000778,48,58,10.00,601.00,"6,010.00",2024-04-09
387,HRL,2024040905000779,48,47,11.00,601.00,"6,611.00",2024-04-09
388,HRL,2024040905000793,49,35,10.00,600.60,"6,006.00",2024-04-09
389,HRL,2024040905000796,49,49,10.00,600.60,"6,006.00",2024-04-09
390,HRL,2024040905000797,36,87,10.00,601.00,"6,010.00",2024-04-09
391,HRL,2024040905000798,36,58,10.00,601.00,"6,010.00",2024-04-09
392,HRL,2024040905000800,36,38,10.00,601.00,"6,010.00",2024-04-09
393,HRL,2024040905000801,55,45,20.00,602.00,"12,040.00",2024-04-09
394,HRL,2024040905000802,55,32,20.00,602.00,"12,040.00",2024-04-09
395,HRL,2024040905000803,55,38,20.00,602.00,"12,040.00",2024-04-09
396,HRL,2024040905000804,55,38,20.00,602.00,"12,040.00",2024-04-09
397,HRL,2024040905000805,55,58,10.00,602.00,"6,020.00",2024-04-09
398,HRL,2024040905000806,55,58,10.00,602.00,"6,020.00",2024-04-09
399,HRL,2024040905000807,55,82,"1,000.00",602.00,"602,000.00",2024-04-09
400,HRL,2024040905000808,55,58,10.00,602.00,"6,020.00",2024-04-09
401,HRL,2024040905000810,55,5,10.00,602.00,"6,020.00",2024-04-09
402,HRL,2024040905000811,55,49,10.00,602.00,"6,020.00",2024-04-09
403,HRL,2024040905000816,55,47,10.00,602.00,"6,020.00",2024-04-09
404,HRL,2024040905000817,55,59,30.00,602.00,"18,060.00",2024-04-09
405,HRL,2024040905000818,55,55,10.00,602.00,"6,020.00",2024-04-09
406,HRL,2024040905000819,50,49,10.00,602.10,"6,021.00",2024-04-09
407,HRL,2024040905000820,50,42,10.00,602.10,"6,021.00",2024-04-09
408,HRL,2024040905000821,48,13,100.00,602.90,"60,290.00",2024-04-09
409,HRL,2024040905000822,48,3,10.00,603.00,"6,030.00",2024-04-09
410,HRL,2024040905000823,48,47,15.00,603.00,"9,045.00",2024-04-09
411,HRL,2024040905000824,55,51,10.00,602.00,"6,020.00",2024-04-09
412,HRL,2024040905000825,59,47,215.00,603.00,"129,645.00",2024-04-09
413,HRL,2024040905000826,59,32,20.00,603.00,"12,060.00",2024-04-09
414,HRL,2024040905000827,59,50,180.00,603.00,"108,540.00",2024-04-09
415,HRL,2024040905000828,59,38,10.00,603.00,"6,030.00",2024-04-09
416,HRL,2024040905000829,59,49,10.00,603.00,"6,030.00",2024-04-09
417,HRL,2024040905000830,59,38,30.00,603.00,"18,090.00",2024-04-09
418,HRL,2024040905000831,59,45,10.00,603.00,"6,030.00",2024-04-09
419,HRL,2024040905000832,59,51,20.00,603.00,"12,060.00",2024-04-09
420,HRL,2024040905000833,59,29,60.00,603.00,"36,180.00",2024-04-09
421,HRL,2024040905000834,59,7,10.00,603.00,"6,030.00",2024-04-09
422,HRL,2024040905000835,59,54,30.00,603.00,"18,090.00",2024-04-09
423,HRL,2024040905000836,59,58,10.00,603.00,"6,030.00",2024-04-09
424,HRL,2024040905000837,59,49,10.00,603.00,"6,030.00",2024-04-09
425,HRL,2024040905000838,59,58,10.00,603.00,"6,030.00",2024-04-09
426,HRL,2024040905000839,59,47,100.00,603.00,"60,300.00",2024-04-09
427,HRL,2024040905000840,59,52,10.00,603.00,"6,030.00",2024-04-09
428,HRL,2024040905000841,59,52,10.00,603.00,"6,030.00",2024-04-09
429,HRL,2024040905000842,59,52,10.00,603.00,"6,030.00",2024-04-09
430,HRL,2024040905000843,59,52,10.00,603.00,"6,030.00",2024-04-09
431,HRL,2024040905000844,59,35,10.00,603.00,"6,030.00",2024-04-09
432,HRL,2024040905000845,59,55,"2,000.00",603.00,"1,206,000.00",2024-04-09
433,HRL,2024040905000846,59,40,10.00,603.00,"6,030.00",2024-04-09
434,HRL,2024040905000847,59,41,10.00,603.00,"6,030.00",2024-04-09
435,HRL,2024040905000848,59,40,10.00,603.00,"6,030.00",2024-04-09
436,HRL,2024040905000849,59,35,10.00,603.00,"6,030.00",2024-04-09
437,HRL,2024040905000850,59,6,20.00,603.00,"12,060.00",2024-04-09
438,HRL,2024040905000852,59,41,10.00,603.00,"6,030.00",2024-04-09
439,HRL,2024040905000853,59,49,10.00,603.00,"6,030.00",2024-04-09
440,HRL,2024040905000854,59,36,20.00,603.00,"12,060.00",2024-04-09
441,HRL,2024040905000855,59,45,10.00,603.00,"6,030.00",2024-04-09
442,HRL,2024040905000860,59,58,10.00,603.00,"6,030.00",2024-04-09
443,HRL,2024040905000861,59,58,10.00,603.00,"6,030.00",2024-04-09
444,HRL,2024040905000862,59,41,10.00,603.00,"6,030.00",2024-04-09
445,HRL,2024040905000864,59,35,10.00,603.00,"6,030.00",2024-04-09
446,HRL,2024040905000865,59,19,20.00,603.00,"12,060.00",2024-04-09
447,HRL,2024040905000867,59,38,10.00,603.00,"6,030.00",2024-04-09
448,HRL,2024040905000868,22,55,20.00,603.10,"12,062.00",2024-04-09
449,HRL,2024040905000869,22,58,20.00,603.10,"12,062.00",2024-04-09
450,HRL,2024040905000870,22,58,10.00,603.10,"6,031.00",2024-04-09
451,HRL,2024040905000871,22,55,10.00,603.10,"6,031.00",2024-04-09
452,HRL,2024040905000872,49,49,40.00,603.30,"24,132.00",2024-04-09
453,HRL,2024040905000873,22,17,10.00,603.40,"6,034.00",2024-04-09
454,HRL,2024040905000874,22,16,10.00,603.40,"6,034.00",2024-04-09
455,HRL,2024040905000876,14,13,10.00,603.50,"6,035.00",2024-04-09
456,HRL,2024040905000877,14,58,10.00,603.50,"6,035.00",2024-04-09
457,HRL,2024040905000881,22,66,30.00,603.60,"18,108.00",2024-04-09
458,HRL,2024040905000882,22,58,30.00,603.60,"18,108.00",2024-04-09
459,HRL,2024040905000883,22,58,30.00,603.60,"18,108.00",2024-04-09
460,HRL,2024040905000885,22,48,10.00,603.60,"6,036.00",2024-04-09
461,HRL,2024040905000886,14,34,10.00,603.70,"6,037.00",2024-04-09
462,HRL,2024040905000887,14,94,20.00,603.80,"12,076.00",2024-04-09
463,HRL,2024040905000888,22,36,100.00,603.60,"60,360.00",2024-04-09
464,HRL,2024040905000889,22,7,10.00,603.60,"6,036.00",2024-04-09
465,HRL,2024040905000899,22,35,40.00,603.60,"24,144.00",2024-04-09
466,HRL,2024040905000900,49,94,10.00,603.80,"6,038.00",2024-04-09
467,HRL,2024040905000901,49,35,10.00,603.80,"6,038.00",2024-04-09
468,HRL,2024040905000902,49,22,60.00,603.90,"36,234.00",2024-04-09
469,HRL,2024040905000903,49,82,158.00,604.00,"95,432.00",2024-04-09
470,HRL,2024040905000904,49,45,10.00,604.00,"6,040.00",2024-04-09
471,HRL,2024040905000905,49,49,20.00,604.00,"12,080.00",2024-04-09
472,HRL,2024040905000906,49,58,10.00,604.00,"6,040.00",2024-04-09
473,HRL,2024040905000907,49,49,10.00,604.00,"6,040.00",2024-04-09
474,HRL,2024040905000908,49,1,20.00,604.00,"12,080.00",2024-04-09
475,HRL,2024040905000909,49,22,49.00,604.00,"29,596.00",2024-04-09
476,HRL,2024040905000910,49,51,20.00,604.00,"12,080.00",2024-04-09
477,HRL,2024040905000911,49,35,10.00,604.00,"6,040.00",2024-04-09
478,HRL,2024040905000912,49,45,10.00,604.00,"6,040.00",2024-04-09
479,HRL,2024040905000913,49,49,10.00,604.00,"6,040.00",2024-04-09
480,HRL,2024040905000914,49,25,30.00,604.00,"18,120.00",2024-04-09
481,HRL,2024040905000915,49,46,20.00,604.00,"12,080.00",2024-04-09
482,HRL,2024040905000916,49,36,10.00,604.00,"6,040.00",2024-04-09
483,HRL,2024040905000917,49,26,30.00,604.00,"18,120.00",2024-04-09
484,HRL,2024040905000918,49,59,20.00,604.00,"12,080.00",2024-04-09
485,HRL,2024040905000919,49,38,10.00,604.00,"6,040.00",2024-04-09
486,HRL,2024040905000920,49,55,"1,873.00",604.00,"1,131,292.00",2024-04-09
487,HRL,2024040905000921,14,82,50.00,603.80,"30,190.00",2024-04-09
488,HRL,2024040905000922,22,82,640.00,603.60,"386,304.00",2024-04-09
489,HRL,2024040905000923,55,82,12.00,603.60,"7,243.20",2024-04-09
490,HRL,2024040905000927,55,38,10.00,603.60,"6,036.00",2024-04-09
491,HRL,2024040905000929,55,14,10.00,603.60,"6,036.00",2024-04-09
492,HRL,2024040905000930,49,55,40.00,604.00,"24,160.00",2024-04-09
493,HRL,2024040905000931,55,57,10.00,603.60,"6,036.00",2024-04-09
494,HRL,2024040905000932,55,38,10.00,603.60,"6,036.00",2024-04-09
495,HRL,2024040905000933,34,55,40.00,604.00,"24,160.00",2024-04-09
496,HRL,2024040905000934,55,36,10.00,603.60,"6,036.00",2024-04-09
497,HRL,2024040905000935,55,91,20.00,603.60,"12,072.00",2024-04-09
498,HRL,2024040905000936,14,55,47.00,604.00,"28,388.00",2024-04-09
499,HRL,2024040905000938,34,58,10.00,603.70,"6,037.00",2024-04-09
500,HRL,2024040905000940,34,38,10.00,603.70,"6,037.00",2024-04-09
501,HRL,2024040905000941,34,13,10.00,603.70,"6,037.00",2024-04-09
502,HRL,2024040905000942,34,29,10.00,603.70,"6,037.00",2024-04-09
503,HRL,2024040905000943,55,28,20.00,603.90,"12,078.00",2024-04-09
504,HRL,2024040905000944,55,55,10.00,604.00,"6,040.00",2024-04-09
505,HRL,2024040905000945,55,32,20.00,604.00,"12,080.00",2024-04-09
506,HRL,2024040905000946,55,34,10.00,604.00,"6,040.00",2024-04-09
507,HRL,2024040905000947,55,49,20.00,604.90,"12,098.00",2024-04-09
508,HRL,2024040905000948,55,55,"3,000.00",604.90,"1,814,700.00",2024-04-09
509,HRL,2024040905000950,55,57,20.00,604.90,"12,098.00",2024-04-09
510,HRL,2024040905000951,55,38,20.00,604.90,"12,098.00",2024-04-09
511,HRL,2024040905000953,55,50,10.00,604.90,"6,049.00",2024-04-09
512,HRL,2024040905000955,14,42,53.00,605.00,"32,065.00",2024-04-09
513,HRL,2024040905000956,55,81,10.00,604.90,"6,049.00",2024-04-09
514,HRL,2024040905000959,55,8,10.00,604.90,"6,049.00",2024-04-09
515,HRL,2024040905000961,55,42,447.00,605.00,"270,435.00",2024-04-09
516,HRL,2024040905000962,55,49,10.00,605.00,"6,050.00",2024-04-09
517,HRL,2024040905000963,55,42,10.00,605.00,"6,050.00",2024-04-09
518,HRL,2024040905000964,55,48,10.00,605.00,"6,050.00",2024-04-09
519,HRL,2024040905000965,55,22,10.00,605.00,"6,050.00",2024-04-09
520,HRL,2024040905000966,55,75,10.00,605.00,"6,050.00",2024-04-09
521,HRL,2024040905000967,55,28,20.00,605.00,"12,100.00",2024-04-09
522,HRL,2024040905000968,55,22,10.00,605.00,"6,050.00",2024-04-09
523,HRL,2024040905000969,55,28,20.00,605.00,"12,100.00",2024-04-09
524,HRL,2024040905000970,55,82,50.00,605.00,"30,250.00",2024-04-09
525,HRL,2024040905000971,55,42,10.00,605.00,"6,050.00",2024-04-09
526,HRL,2024040905000972,55,42,20.00,605.00,"12,100.00",2024-04-09
527,HRL,2024040905000973,55,56,20.00,605.00,"12,100.00",2024-04-09
528,HRL,2024040905000974,55,56,20.00,605.00,"12,100.00",2024-04-09
529,HRL,2024040905000975,55,35,10.00,605.00,"6,050.00",2024-04-09
530,HRL,2024040905000976,55,33,50.00,605.00,"30,250.00",2024-04-09
531,HRL,2024040905000977,55,51,20.00,605.00,"12,100.00",2024-04-09
532,HRL,2024040905000978,55,34,10.00,605.00,"6,050.00",2024-04-09
533,HRL,2024040905000979,55,36,40.00,605.00,"24,200.00",2024-04-09
534,HRL,2024040905000980,55,58,10.00,605.00,"6,050.00",2024-04-09
535,HRL,2024040905000981,55,53,10.00,605.00,"6,050.00",2024-04-09
536,HRL,2024040905000982,55,36,"1,703.00",605.00,"1,030,315.00",2024-04-09
537,HRL,2024040905000983,1,36,200.00,605.00,"121,000.00",2024-04-09
538,HRL,2024040905000986,55,42,10.00,604.90,"6,049.00",2024-04-09
539,HRL,2024040905000987,55,50,10.00,604.90,"6,049.00",2024-04-09
540,HRL,2024040905000988,55,22,100.00,604.90,"60,490.00",2024-04-09
541,HRL,2024040905000989,55,17,10.00,604.90,"6,049.00",2024-04-09
542,HRL,2024040905000990,59,36,"3,000.00",605.00,"1,815,000.00",2024-04-09
543,HRL,2024040905000991,55,16,10.00,604.90,"6,049.00",2024-04-09
544,HRL,2024040905000992,55,58,20.00,604.90,"12,098.00",2024-04-09
545,HRL,2024040905000993,44,36,200.00,605.00,"121,000.00",2024-04-09
546,HRL,2024040905000994,55,36,897.00,605.00,"542,685.00",2024-04-09
547,HRL,2024040905000995,55,34,10.00,605.00,"6,050.00",2024-04-09
548,HRL,2024040905000996,55,59,20.00,605.00,"12,100.00",2024-04-09
549,HRL,2024040905000997,55,49,10.00,605.00,"6,050.00",2024-04-09
550,HRL,2024040905000998,55,52,20.00,605.00,"12,100.00",2024-04-09
551,HRL,2024040905000999,55,50,300.00,605.00,"181,500.00",2024-04-09
552,HRL,2024040905001000,55,48,10.00,605.00,"6,050.00",2024-04-09
553,HRL,2024040905001001,55,34,10.00,605.00,"6,050.00",2024-04-09
554,HRL,2024040905001002,55,28,30.00,605.00,"18,150.00",2024-04-09
555,HRL,2024040905001003,55,83,20.00,605.00,"12,100.00",2024-04-09
556,HRL,2024040905001004,55,59,20.00,605.00,"12,100.00",2024-04-09
557,HRL,2024040905001005,55,6,10.00,605.00,"6,050.00",2024-04-09
558,HRL,2024040905001006,55,41,10.00,605.00,"6,050.00",2024-04-09
559,HRL,2024040905001007,55,59,20.00,605.00,"12,100.00",2024-04-09
560,HRL,2024040905001008,55,42,30.00,605.00,"18,150.00",2024-04-09
561,HRL,2024040905001009,55,58,10.00,605.00,"6,050.00",2024-04-09
562,HRL,2024040905001010,55,25,20.00,605.00,"12,100.00",2024-04-09
563,HRL,2024040905001011,55,35,10.00,605.00,"6,050.00",2024-04-09
564,HRL,2024040905001012,55,59,20.00,605.00,"12,100.00",2024-04-09
565,HRL,2024040905001013,55,16,30.00,605.00,"18,150.00",2024-04-09
566,HRL,2024040905001014,55,46,20.00,605.00,"12,100.00",2024-04-09
567,HRL,2024040905001015,55,49,10.00,605.00,"6,050.00",2024-04-09
568,HRL,2024040905001016,55,52,10.00,605.00,"6,050.00",2024-04-09
569,HRL,2024040905001017,55,51,10.00,605.00,"6,050.00",2024-04-09
570,HRL,2024040905001018,55,20,20.00,605.00,"12,100.00",2024-04-09
571,HRL,2024040905001019,55,57,10.00,605.00,"6,050.00",2024-04-09
572,HRL,2024040905001020,55,3,10.00,605.00,"6,050.00",2024-04-09
573,HRL,2024040905001021,55,25,10.00,605.00,"6,050.00",2024-04-09
574,HRL,2024040905001022,55,52,10.00,605.00,"6,050.00",2024-04-09
575,HRL,2024040905001023,55,44,20.00,605.00,"12,100.00",2024-04-09
576,HRL,2024040905001024,55,42,10.00,605.00,"6,050.00",2024-04-09
577,HRL,2024040905001025,55,58,30.00,605.00,"18,150.00",2024-04-09
578,HRL,2024040905001026,55,35,30.00,605.00,"18,150.00",2024-04-09
579,HRL,2024040905001027,55,56,20.00,605.00,"12,100.00",2024-04-09
580,HRL,2024040905001028,55,16,30.00,605.00,"18,150.00",2024-04-09
581,HRL,2024040905001029,55,32,40.00,605.00,"24,200.00",2024-04-09
582,HRL,2024040905001030,55,5,10.00,605.00,"6,050.00",2024-04-09
583,HRL,2024040905001031,55,35,10.00,605.00,"6,050.00",2024-04-09
584,HRL,2024040905001032,55,54,10.00,605.00,"6,050.00",2024-04-09
585,HRL,2024040905001033,55,35,10.00,605.00,"6,050.00",2024-04-09
586,HRL,2024040905001034,55,49,10.00,605.00,"6,050.00",2024-04-09
587,HRL,2024040905001035,55,49,10.00,605.00,"6,050.00",2024-04-09
588,HRL,2024040905001036,38,58,10.00,605.50,"6,055.00",2024-04-09
589,HRL,2024040905001037,38,58,10.00,605.50,"6,055.00",2024-04-09
590,HRL,2024040905001038,38,42,10.00,605.50,"6,055.00",2024-04-09
591,HRL,2024040905001040,38,22,10.00,605.50,"6,055.00",2024-04-09
592,HRL,2024040905001041,55,22,10.00,605.00,"6,050.00",2024-04-09
593,HRL,2024040905001045,55,62,10.00,605.00,"6,050.00",2024-04-09
594,HRL,2024040905001046,55,58,10.00,605.00,"6,050.00",2024-04-09
595,HRL,2024040905001050,34,50,10.00,605.90,"6,059.00",2024-04-09
596,HRL,2024040905001051,34,35,10.00,606.00,"6,060.00",2024-04-09
597,HRL,2024040905001052,34,55,20.00,606.00,"12,120.00",2024-04-09
598,HRL,2024040905001053,34,14,10.00,606.00,"6,060.00",2024-04-09
599,HRL,2024040905001054,34,48,10.00,606.00,"6,060.00",2024-04-09
600,HRL,2024040905001055,14,45,10.00,605.10,"6,051.00",2024-04-09
601,HRL,2024040905001056,14,43,10.00,605.10,"6,051.00",2024-04-09
602,HRL,2024040905001057,14,58,10.00,605.10,"6,051.00",2024-04-09
603,HRL,2024040905001058,13,22,10.00,606.00,"6,060.00",2024-04-09
604,HRL,2024040905001059,13,57,10.00,606.00,"6,060.00",2024-04-09
605,HRL,2024040905001060,13,32,10.00,606.00,"6,060.00",2024-04-09
606,HRL,2024040905001061,13,21,10.00,606.00,"6,060.00",2024-04-09
607,HRL,2024040905001062,13,47,10.00,606.00,"6,060.00",2024-04-09
608,HRL,2024040905001063,13,50,20.00,606.00,"12,120.00",2024-04-09
609,HRL,2024040905001064,13,55,20.00,606.00,"12,120.00",2024-04-09
610,HRL,2024040905001065,13,32,10.00,606.00,"6,060.00",2024-04-09
611,HRL,2024040905001066,14,32,10.00,606.00,"6,060.00",2024-04-09
612,HRL,2024040905001067,14,48,10.00,606.00,"6,060.00",2024-04-09
613,HRL,2024040905001068,14,6,80.00,606.00,"48,480.00",2024-04-09
614,HRL,2024040905001072,14,16,10.00,605.10,"6,051.00",2024-04-09
615,HRL,2024040905001073,36,6,60.00,606.00,"36,360.00",2024-04-09
616,HRL,2024040905001074,36,14,70.00,606.00,"42,420.00",2024-04-09
617,HRL,2024040905001075,36,40,20.00,606.00,"12,120.00",2024-04-09
618,HRL,2024040905001076,36,56,10.00,606.00,"6,060.00",2024-04-09
619,HRL,2024040905001077,36,35,10.00,606.00,"6,060.00",2024-04-09
620,HRL,2024040905001078,36,55,20.00,606.00,"12,120.00",2024-04-09
621,HRL,2024040905001079,36,36,100.00,606.00,"60,600.00",2024-04-09
622,HRL,2024040905001080,36,35,10.00,606.00,"6,060.00",2024-04-09
623,HRL,2024040905001083,14,44,10.00,605.10,"6,051.00",2024-04-09
624,HRL,2024040905001084,22,57,10.00,605.10,"6,051.00",2024-04-09
625,HRL,2024040905001087,22,8,10.00,605.10,"6,051.00",2024-04-09
626,HRL,2024040905001089,38,55,10.00,605.20,"6,052.00",2024-04-09
627,HRL,2024040905001090,38,58,30.00,605.20,"18,156.00",2024-04-09
628,HRL,2024040905001091,1,57,10.00,606.00,"6,060.00",2024-04-09
629,HRL,2024040905001115,22,13,10.00,605.30,"6,053.00",2024-04-09
630,HRL,2024040905001117,43,32,10.00,606.00,"6,060.00",2024-04-09
631,HRL,2024040905001118,43,22,90.00,606.00,"54,540.00",2024-04-09
632,HRL,2024040905001119,22,58,10.00,605.30,"6,053.00",2024-04-09
633,HRL,2024040905001121,22,56,10.00,605.30,"6,053.00",2024-04-09
634,HRL,2024040905001122,22,16,10.00,605.30,"6,053.00",2024-04-09
635,HRL,2024040905001124,22,39,20.00,605.30,"12,106.00",2024-04-09
636,HRL,2024040905001137,22,56,10.00,605.30,"6,053.00",2024-04-09
637,HRL,2024040905001142,22,16,10.00,605.30,"6,053.00",2024-04-09
638,HRL,2024040905001144,49,42,20.00,605.40,"12,108.00",2024-04-09
639,HRL,2024040905001145,49,58,10.00,605.40,"6,054.00",2024-04-09
640,HRL,2024040905001148,38,22,10.00,606.00,"6,060.00",2024-04-09
641,HRL,2024040905001149,38,94,10.00,606.00,"6,060.00",2024-04-09
642,HRL,2024040905001150,38,17,80.00,606.00,"48,480.00",2024-04-09
643,HRL,2024040905001153,49,69,10.00,605.40,"6,054.00",2024-04-09
644,HRL,2024040905001160,49,42,20.00,605.40,"12,108.00",2024-04-09
645,HRL,2024040905001161,49,17,170.00,606.00,"103,020.00",2024-04-09
646,HRL,2024040905001162,49,58,30.00,606.00,"18,180.00",2024-04-09
647,HRL,2024040905001163,49,21,20.00,606.00,"12,120.00",2024-04-09
648,HRL,2024040905001164,49,52,10.00,606.00,"6,060.00",2024-04-09
649,HRL,2024040905001165,49,82,10.00,606.00,"6,060.00",2024-04-09
650,HRL,2024040905001166,1,82,100.00,606.00,"60,600.00",2024-04-09
651,HRL,2024040905001167,38,82,30.00,606.00,"18,180.00",2024-04-09
652,HRL,2024040905001169,49,35,10.00,605.40,"6,054.00",2024-04-09
653,HRL,2024040905001170,45,82,40.00,606.00,"24,240.00",2024-04-09
654,HRL,2024040905001171,26,42,10.00,605.50,"6,055.00",2024-04-09
655,HRL,2024040905001172,26,82,490.00,606.00,"296,940.00",2024-04-09
656,HRL,2024040905001175,49,28,10.00,605.40,"6,054.00",2024-04-09
657,HRL,2024040905001176,49,49,10.00,605.40,"6,054.00",2024-04-09
658,HRL,2024040905001177,49,38,10.00,605.40,"6,054.00",2024-04-09
659,HRL,2024040905001178,49,34,10.00,605.40,"6,054.00",2024-04-09
660,HRL,2024040905001180,49,69,10.00,605.40,"6,054.00",2024-04-09
661,HRL,2024040905001185,66,42,20.00,605.60,"12,112.00",2024-04-09
662,HRL,2024040905001187,66,18,10.00,605.60,"6,056.00",2024-04-09
663,HRL,2024040905001190,66,22,10.00,605.60,"6,056.00",2024-04-09
664,HRL,2024040905001191,66,21,10.00,605.60,"6,056.00",2024-04-09
665,HRL,2024040905001193,66,14,10.00,605.60,"6,056.00",2024-04-09
666,HRL,2024040905001197,66,66,10.00,605.60,"6,056.00",2024-04-09
667,HRL,2024040905001198,66,34,10.00,605.60,"6,056.00",2024-04-09
668,HRL,2024040905001199,66,59,20.00,605.60,"12,112.00",2024-04-09
669,HRL,2024040905001200,49,59,80.00,605.40,"48,432.00",2024-04-09
670,HRL,2024040905001201,58,39,20.00,605.40,"12,108.00",2024-04-09
671,HRL,2024040905001203,42,49,10.00,605.90,"6,059.00",2024-04-09
672,HRL,2024040905001204,42,58,10.00,605.90,"6,059.00",2024-04-09
673,HRL,2024040905001205,1,57,10.00,605.50,"6,055.00",2024-04-09
674,HRL,2024040905001207,1,32,10.00,605.50,"6,055.00",2024-04-09
675,HRL,2024040905001217,1,35,10.00,605.50,"6,055.00",2024-04-09
676,HRL,2024040905001222,1,7,10.00,605.50,"6,055.00",2024-04-09
677,HRL,2024040905001223,48,58,10.00,605.60,"6,056.00",2024-04-09
678,HRL,2024040905001224,48,52,10.00,605.60,"6,056.00",2024-04-09
679,HRL,2024040905001225,49,82,330.00,606.00,"199,980.00",2024-04-09
680,HRL,2024040905001226,49,52,10.00,606.00,"6,060.00",2024-04-09
681,HRL,2024040905001227,49,34,10.00,606.00,"6,060.00",2024-04-09
682,HRL,2024040905001228,49,58,30.00,606.00,"18,180.00",2024-04-09
683,HRL,2024040905001229,49,14,10.00,606.00,"6,060.00",2024-04-09
684,HRL,2024040905001230,49,36,20.00,606.00,"12,120.00",2024-04-09
685,HRL,2024040905001231,49,52,10.00,606.00,"6,060.00",2024-04-09
686,HRL,2024040905001232,49,57,10.00,606.00,"6,060.00",2024-04-09
687,HRL,2024040905001233,49,3,20.00,606.00,"12,120.00",2024-04-09
688,HRL,2024040905001234,49,58,10.00,606.00,"6,060.00",2024-04-09
689,HRL,2024040905001235,49,58,10.00,606.00,"6,060.00",2024-04-09
690,HRL,2024040905001236,48,16,10.00,605.60,"6,056.00",2024-04-09
691,HRL,2024040905001237,48,42,10.00,605.60,"6,056.00",2024-04-09
692,HRL,2024040905001238,48,26,20.00,605.60,"12,112.00",2024-04-09
693,HRL,2024040905001239,48,69,10.00,605.60,"6,056.00",2024-04-09
694,HRL,2024040905001240,48,42,20.00,605.60,"12,112.00",2024-04-09
695,HRL,2024040905001243,49,26,10.00,605.70,"6,057.00",2024-04-09
696,HRL,2024040905001244,49,39,20.00,605.70,"12,114.00",2024-04-09
697,HRL,2024040905001245,49,55,10.00,605.70,"6,057.00",2024-04-09
698,HRL,2024040905001246,69,58,10.00,606.00,"6,060.00",2024-04-09
699,HRL,2024040905001247,69,49,10.00,606.00,"6,060.00",2024-04-09
700,HRL,2024040905001248,69,36,10.00,606.00,"6,060.00",2024-04-09
701,HRL,2024040905001250,69,26,10.00,606.00,"6,060.00",2024-04-09
702,HRL,2024040905001253,69,49,10.00,606.00,"6,060.00",2024-04-09
703,HRL,2024040905001255,69,26,10.00,606.00,"6,060.00",2024-04-09
704,HRL,2024040905001258,48,42,10.00,606.30,"6,063.00",2024-04-09
705,HRL,2024040905001261,69,58,30.00,606.00,"18,180.00",2024-04-09
706,HRL,2024040905001262,69,38,20.00,606.00,"12,120.00",2024-04-09
707,HRL,2024040905001263,69,35,10.00,606.00,"6,060.00",2024-04-09
708,HRL,2024040905001265,69,58,10.00,606.00,"6,060.00",2024-04-09
709,HRL,2024040905001266,69,32,10.00,606.00,"6,060.00",2024-04-09
710,HRL,2024040905001270,58,50,10.00,606.30,"6,063.00",2024-04-09
711,HRL,2024040905001271,69,19,10.00,606.70,"6,067.00",2024-04-09
712,HRL,2024040905001272,69,55,20.00,606.70,"12,134.00",2024-04-09
713,HRL,2024040905001273,69,43,20.00,606.90,"12,138.00",2024-04-09
714,HRL,2024040905001274,69,55,30.00,607.00,"18,210.00",2024-04-09
715,HRL,2024040905001275,69,38,20.00,607.00,"12,140.00",2024-04-09
716,HRL,2024040905001276,69,14,10.00,607.00,"6,070.00",2024-04-09
717,HRL,2024040905001277,69,58,10.00,607.00,"6,070.00",2024-04-09
718,HRL,2024040905001278,69,19,10.00,607.00,"6,070.00",2024-04-09
719,HRL,2024040905001279,69,58,10.00,607.00,"6,070.00",2024-04-09
720,HRL,2024040905001280,69,86,30.00,607.00,"18,210.00",2024-04-09
721,HRL,2024040905001281,69,58,10.00,607.00,"6,070.00",2024-04-09
722,HRL,2024040905001282,69,58,10.00,607.00,"6,070.00",2024-04-09
723,HRL,2024040905001283,69,58,30.00,607.00,"18,210.00",2024-04-09
724,HRL,2024040905001284,69,44,10.00,607.00,"6,070.00",2024-04-09
725,HRL,2024040905001285,69,55,"1,770.00",607.00,"1,074,390.00",2024-04-09
726,HRL,2024040905001286,46,49,30.00,606.10,"18,183.00",2024-04-09
727,HRL,2024040905001291,46,50,10.00,606.10,"6,061.00",2024-04-09
728,HRL,2024040905001293,46,42,20.00,606.10,"12,122.00",2024-04-09
729,HRL,2024040905001294,66,55,230.00,607.00,"139,610.00",2024-04-09
730,HRL,2024040905001295,66,58,10.00,607.00,"6,070.00",2024-04-09
731,HRL,2024040905001296,66,41,10.00,607.00,"6,070.00",2024-04-09
732,HRL,2024040905001297,66,38,10.00,607.00,"6,070.00",2024-04-09
733,HRL,2024040905001298,66,55,20.00,607.00,"12,140.00",2024-04-09
734,HRL,2024040905001299,66,34,20.00,607.00,"12,140.00",2024-04-09
735,HRL,2024040905001302,46,6,10.00,606.10,"6,061.00",2024-04-09
736,HRL,2024040905001303,46,26,10.00,606.10,"6,061.00",2024-04-09
737,HRL,2024040905001304,46,55,10.00,606.10,"6,061.00",2024-04-09
738,HRL,2024040905001308,46,38,10.00,606.10,"6,061.00",2024-04-09
739,HRL,2024040905001309,46,26,10.00,606.10,"6,061.00",2024-04-09
740,HRL,2024040905001310,46,49,10.00,606.10,"6,061.00",2024-04-09
741,HRL,2024040905001311,52,58,10.00,606.20,"6,062.00",2024-04-09
742,HRL,2024040905001312,52,22,10.00,606.20,"6,062.00",2024-04-09
743,HRL,2024040905001313,52,26,10.00,606.20,"6,062.00",2024-04-09
744,HRL,2024040905001314,52,41,10.00,606.20,"6,062.00",2024-04-09
745,HRL,2024040905001315,26,58,10.00,607.00,"6,070.00",2024-04-09
746,HRL,2024040905001316,26,17,20.00,607.00,"12,140.00",2024-04-09
747,HRL,2024040905001317,26,36,100.00,607.00,"60,700.00",2024-04-09
748,HRL,2024040905001320,26,38,10.00,607.00,"6,070.00",2024-04-09
749,HRL,2024040905001322,26,6,10.00,607.00,"6,070.00",2024-04-09
750,HRL,2024040905001323,26,26,10.00,607.00,"6,070.00",2024-04-09
751,HRL,2024040905001324,26,49,10.00,607.00,"6,070.00",2024-04-09
752,HRL,2024040905001326,26,47,10.00,607.00,"6,070.00",2024-04-09
753,HRL,2024040905001329,26,16,10.00,607.00,"6,070.00",2024-04-09
754,HRL,2024040905001330,26,26,10.00,607.00,"6,070.00",2024-04-09
755,HRL,2024040905001332,76,45,20.00,607.50,"12,150.00",2024-04-09
756,HRL,2024040905001333,76,59,20.00,607.80,"12,156.00",2024-04-09
757,HRL,2024040905001334,76,49,10.00,607.80,"6,078.00",2024-04-09
758,HRL,2024040905001335,76,49,20.00,607.80,"12,156.00",2024-04-09
759,HRL,2024040905001336,76,55,300.00,607.90,"182,370.00",2024-04-09
760,HRL,2024040905001337,76,58,10.00,607.90,"6,079.00",2024-04-09
761,HRL,2024040905001338,76,58,10.00,608.00,"6,080.00",2024-04-09
762,HRL,2024040905001339,76,52,10.00,608.00,"6,080.00",2024-04-09
763,HRL,2024040905001340,76,58,10.00,608.00,"6,080.00",2024-04-09
764,HRL,2024040905001341,76,38,10.00,608.00,"6,080.00",2024-04-09
765,HRL,2024040905001342,76,42,170.00,608.00,"103,360.00",2024-04-09
766,HRL,2024040905001343,76,42,10.00,608.00,"6,080.00",2024-04-09
767,HRL,2024040905001344,76,43,10.00,608.00,"6,080.00",2024-04-09
768,HRL,2024040905001345,76,55,20.00,608.00,"12,160.00",2024-04-09
769,HRL,2024040905001346,76,45,30.00,608.00,"18,240.00",2024-04-09
770,HRL,2024040905001347,76,38,10.00,608.00,"6,080.00",2024-04-09
771,HRL,2024040905001348,76,38,10.00,608.00,"6,080.00",2024-04-09
772,HRL,2024040905001349,76,51,250.00,608.00,"152,000.00",2024-04-09
773,HRL,2024040905001350,76,52,10.00,608.00,"6,080.00",2024-04-09
774,HRL,2024040905001351,76,58,10.00,608.00,"6,080.00",2024-04-09
775,HRL,2024040905001352,76,55,"2,000.00",608.00,"1,216,000.00",2024-04-09
776,HRL,2024040905001353,76,47,10.00,608.00,"6,080.00",2024-04-09
777,HRL,2024040905001354,76,58,10.00,608.00,"6,080.00",2024-04-09
778,HRL,2024040905001359,76,49,10.00,608.00,"6,080.00",2024-04-09
779,HRL,2024040905001360,76,34,20.00,608.00,"12,160.00",2024-04-09
780,HRL,2024040905001364,1,22,10.00,607.10,"6,071.00",2024-04-09
781,HRL,2024040905001368,26,36,20.00,609.00,"12,180.00",2024-04-09
782,HRL,2024040905001369,26,58,10.00,609.00,"6,090.00",2024-04-09
783,HRL,2024040905001370,26,80,100.00,609.00,"60,900.00",2024-04-09
784,HRL,2024040905001371,26,21,10.00,609.00,"6,090.00",2024-04-09
785,HRL,2024040905001372,26,58,10.00,609.00,"6,090.00",2024-04-09
786,HRL,2024040905001373,1,16,10.00,607.10,"6,071.00",2024-04-09
787,HRL,2024040905001378,46,57,10.00,607.20,"6,072.00",2024-04-09
788,HRL,2024040905001381,46,35,10.00,607.20,"6,072.00",2024-04-09
789,HRL,2024040905001386,46,49,30.00,607.30,"18,219.00",2024-04-09
790,HRL,2024040905001387,46,16,10.00,607.30,"6,073.00",2024-04-09
791,HRL,2024040905001393,46,34,10.00,607.30,"6,073.00",2024-04-09
792,HRL,2024040905001395,46,38,10.00,607.20,"6,072.00",2024-04-09
793,HRL,2024040905001403,49,50,40.00,607.30,"24,292.00",2024-04-09
794,HRL,2024040905001405,76,49,30.00,607.40,"18,222.00",2024-04-09
795,HRL,2024040905001411,49,13,10.00,608.00,"6,080.00",2024-04-09
796,HRL,2024040905001419,1,29,10.00,608.00,"6,080.00",2024-04-09
797,HRL,2024040905001420,76,29,10.00,607.40,"6,074.00",2024-04-09
798,HRL,2024040905001427,47,58,10.00,608.00,"6,080.00",2024-04-09
799,HRL,2024040905001429,47,55,10.00,608.00,"6,080.00",2024-04-09
800,HRL,2024040905001430,47,52,10.00,608.00,"6,080.00",2024-04-09
801,HRL,2024040905001432,47,51,170.00,608.00,"103,360.00",2024-04-09
802,HRL,2024040905001437,49,52,10.00,607.50,"6,075.00",2024-04-09
803,HRL,2024040905001438,49,14,10.00,607.50,"6,075.00",2024-04-09
804,HRL,2024040905001444,49,25,200.00,607.50,"121,500.00",2024-04-09
805,HRL,2024040905001447,66,51,12.00,608.00,"7,296.00",2024-04-09
806,HRL,2024040905001448,49,49,30.00,607.50,"18,225.00",2024-04-09
807,HRL,2024040905001452,49,58,10.00,607.50,"6,075.00",2024-04-09
808,HRL,2024040905001454,49,42,20.00,607.50,"12,150.00",2024-04-09
809,HRL,2024040905001456,49,58,20.00,607.50,"12,150.00",2024-04-09
810,HRL,2024040905001457,49,42,20.00,607.50,"12,150.00",2024-04-09
811,HRL,2024040905001459,49,49,30.00,607.50,"18,225.00",2024-04-09
812,HRL,2024040905001463,49,21,30.00,607.50,"18,225.00",2024-04-09
813,HRL,2024040905001464,49,13,10.00,607.50,"6,075.00",2024-04-09
814,HRL,2024040905001466,49,34,20.00,607.50,"12,150.00",2024-04-09
815,HRL,2024040905001468,49,51,18.00,608.00,"10,944.00",2024-04-09
816,HRL,2024040905001469,49,21,30.00,608.00,"18,240.00",2024-04-09
817,HRL,2024040905001470,49,49,20.00,608.00,"12,160.00",2024-04-09
818,HRL,2024040905001471,49,26,10.00,608.00,"6,080.00",2024-04-09
819,HRL,2024040905001472,49,43,22.00,608.00,"13,376.00",2024-04-09
820,HRL,2024040905001473,49,36,54.00,608.00,"32,832.00",2024-04-09
821,HRL,2024040905001478,22,1,10.00,607.60,"6,076.00",2024-04-09
822,HRL,2024040905001480,22,50,10.00,607.60,"6,076.00",2024-04-09
823,HRL,2024040905001481,22,34,10.00,607.60,"6,076.00",2024-04-09
824,HRL,2024040905001489,76,36,170.00,608.00,"103,360.00",2024-04-09
825,HRL,2024040905001490,22,4,10.00,607.60,"6,076.00",2024-04-09
826,HRL,2024040905001491,49,8,10.00,607.50,"6,075.00",2024-04-09
827,HRL,2024040905001496,49,59,10.00,607.50,"6,075.00",2024-04-09
828,HRL,2024040905001497,49,62,10.00,607.50,"6,075.00",2024-04-09
829,HRL,2024040905001498,49,41,10.00,607.50,"6,075.00",2024-04-09
830,HRL,2024040905001502,49,6,20.00,607.50,"12,150.00",2024-04-09
831,HRL,2024040905001504,49,42,10.00,607.50,"6,075.00",2024-04-09
832,HRL,2024040905001505,49,28,10.00,607.50,"6,075.00",2024-04-09
833,HRL,2024040905001507,49,34,10.00,607.50,"6,075.00",2024-04-09
834,HRL,2024040905001508,34,1,10.00,607.50,"6,075.00",2024-04-09
835,HRL,2024040905001509,57,38,10.00,607.60,"6,076.00",2024-04-09
836,HRL,2024040905001512,57,35,10.00,607.60,"6,076.00",2024-04-09
837,HRL,2024040905001513,57,58,10.00,607.60,"6,076.00",2024-04-09
838,HRL,2024040905001514,57,6,10.00,607.60,"6,076.00",2024-04-09
839,HRL,2024040905001515,57,19,10.00,607.60,"6,076.00",2024-04-09
840,HRL,2024040905001516,49,58,10.00,607.60,"6,076.00",2024-04-09
841,HRL,2024040905001517,58,36,55.00,608.00,"33,440.00",2024-04-09
842,HRL,2024040905001518,49,38,10.00,607.60,"6,076.00",2024-04-09
843,HRL,2024040905001519,17,36,21.00,608.00,"12,768.00",2024-04-09
844,HRL,2024040905001520,17,45,20.00,608.00,"12,160.00",2024-04-09
845,HRL,2024040905001521,17,50,20.00,608.00,"12,160.00",2024-04-09
846,HRL,2024040905001522,17,34,20.00,608.00,"12,160.00",2024-04-09
847,HRL,2024040905001523,17,58,10.00,608.00,"6,080.00",2024-04-09
848,HRL,2024040905001524,49,58,20.00,607.60,"12,152.00",2024-04-09
849,HRL,2024040905001526,47,58,20.00,607.90,"12,158.00",2024-04-09
850,HRL,2024040905001527,47,17,50.00,608.00,"30,400.00",2024-04-09
851,HRL,2024040905001528,47,57,10.00,608.00,"6,080.00",2024-04-09
852,HRL,2024040905001529,47,66,20.00,608.00,"12,160.00",2024-04-09
853,HRL,2024040905001530,49,14,10.00,607.60,"6,076.00",2024-04-09
854,HRL,2024040905001531,49,19,10.00,607.60,"6,076.00",2024-04-09
855,HRL,2024040905001532,17,66,10.00,608.00,"6,080.00",2024-04-09
856,HRL,2024040905001533,17,57,20.00,608.00,"12,160.00",2024-04-09
857,HRL,2024040905001534,17,42,20.00,608.00,"12,160.00",2024-04-09
858,HRL,2024040905001540,55,38,10.00,608.00,"6,080.00",2024-04-09
859,HRL,2024040905001541,55,21,20.00,608.00,"12,160.00",2024-04-09
860,HRL,2024040905001542,77,21,10.00,608.00,"6,080.00",2024-04-09
861,HRL,2024040905001543,77,57,20.00,608.00,"12,160.00",2024-04-09
862,HRL,2024040905001544,77,44,10.00,608.50,"6,085.00",2024-04-09
863,HRL,2024040905001545,77,51,10.00,608.50,"6,085.00",2024-04-09
864,HRL,2024040905001546,77,58,10.00,608.50,"6,085.00",2024-04-09
865,HRL,2024040905001547,77,45,100.00,608.80,"60,880.00",2024-04-09
866,HRL,2024040905001548,77,29,"1,000.00",608.90,"608,900.00",2024-04-09
867,HRL,2024040905001549,77,21,10.00,609.00,"6,090.00",2024-04-09
868,HRL,2024040905001550,77,58,20.00,609.00,"12,180.00",2024-04-09
869,HRL,2024040905001551,77,25,10.00,609.00,"6,090.00",2024-04-09
870,HRL,2024040905001552,77,82,"1,000.00",609.00,"609,000.00",2024-04-09
871,HRL,2024040905001553,77,45,10.00,609.00,"6,090.00",2024-04-09
872,HRL,2024040905001554,77,34,10.00,609.00,"6,090.00",2024-04-09
873,HRL,2024040905001555,77,35,10.00,609.00,"6,090.00",2024-04-09
874,HRL,2024040905001556,77,36,20.00,609.00,"12,180.00",2024-04-09
875,HRL,2024040905001557,77,54,30.00,609.90,"18,297.00",2024-04-09
876,HRL,2024040905001558,77,34,100.00,609.90,"60,990.00",2024-04-09
877,HRL,2024040905001559,77,58,10.00,609.90,"6,099.00",2024-04-09
878,HRL,2024040905001560,77,21,10.00,610.00,"6,100.00",2024-04-09
879,HRL,2024040905001561,77,25,100.00,610.00,"61,000.00",2024-04-09
880,HRL,2024040905001562,77,22,10.00,610.00,"6,100.00",2024-04-09
881,HRL,2024040905001563,77,58,10.00,610.00,"6,100.00",2024-04-09
882,HRL,2024040905001564,77,50,10.00,610.00,"6,100.00",2024-04-09
883,HRL,2024040905001565,77,22,30.00,610.00,"18,300.00",2024-04-09
884,HRL,2024040905001566,77,48,650.00,610.00,"396,500.00",2024-04-09
885,HRL,2024040905001567,77,17,40.00,610.00,"24,400.00",2024-04-09
886,HRL,2024040905001568,77,43,20.00,610.00,"12,200.00",2024-04-09
887,HRL,2024040905001569,77,57,20.00,610.00,"12,200.00",2024-04-09
888,HRL,2024040905001570,77,49,10.00,610.00,"6,100.00",2024-04-09
889,HRL,2024040905001571,77,62,10.00,610.00,"6,100.00",2024-04-09
890,HRL,2024040905001572,77,57,10.00,610.00,"6,100.00",2024-04-09
891,HRL,2024040905001573,77,58,30.00,610.00,"18,300.00",2024-04-09
892,HRL,2024040905001574,77,48,10.00,610.00,"6,100.00",2024-04-09
893,HRL,2024040905001575,77,43,10.00,610.00,"6,100.00",2024-04-09
894,HRL,2024040905001576,77,49,10.00,610.00,"6,100.00",2024-04-09
895,HRL,2024040905001577,77,40,20.00,610.00,"12,200.00",2024-04-09
896,HRL,2024040905001578,77,57,10.00,610.00,"6,100.00",2024-04-09
897,HRL,2024040905001579,77,45,30.00,610.00,"18,300.00",2024-04-09
898,HRL,2024040905001580,77,42,10.00,610.00,"6,100.00",2024-04-09
899,HRL,2024040905001581,77,45,10.00,610.00,"6,100.00",2024-04-09
900,HRL,2024040905001582,77,34,10.00,610.00,"6,100.00",2024-04-09
901,HRL,2024040905001583,77,94,20.00,610.00,"12,200.00",2024-04-09
902,HRL,2024040905001584,77,38,10.00,610.00,"6,100.00",2024-04-09
903,HRL,2024040905001585,77,49,10.00,610.00,"6,100.00",2024-04-09
904,HRL,2024040905001586,77,58,10.00,610.00,"6,100.00",2024-04-09
905,HRL,2024040905001587,77,21,10.00,610.00,"6,100.00",2024-04-09
906,HRL,2024040905001588,77,58,10.00,610.00,"6,100.00",2024-04-09
907,HRL,2024040905001589,77,35,50.00,610.00,"30,500.00",2024-04-09
908,HRL,2024040905001590,77,1,200.00,610.00,"122,000.00",2024-04-09
909,HRL,2024040905001591,77,54,30.00,610.00,"18,300.00",2024-04-09
910,HRL,2024040905001592,77,35,10.00,610.00,"6,100.00",2024-04-09
911,HRL,2024040905001593,77,58,10.00,610.00,"6,100.00",2024-04-09
912,HRL,2024040905001594,77,58,20.00,610.00,"12,200.00",2024-04-09
913,HRL,2024040905001595,77,21,20.00,610.00,"12,200.00",2024-04-09
914,HRL,2024040905001596,77,21,20.00,610.00,"12,200.00",2024-04-09
915,HRL,2024040905001597,77,49,10.00,610.00,"6,100.00",2024-04-09
916,HRL,2024040905001598,77,28,10.00,610.00,"6,100.00",2024-04-09
917,HRL,2024040905001599,77,4,10.00,610.00,"6,100.00",2024-04-09
918,HRL,2024040905001600,77,63,30.00,610.00,"18,300.00",2024-04-09
919,HRL,2024040905001601,77,20,10.00,610.00,"6,100.00",2024-04-09
920,HRL,2024040905001602,77,4,10.00,610.00,"6,100.00",2024-04-09
921,HRL,2024040905001603,77,32,20.00,610.00,"12,200.00",2024-04-09
922,HRL,2024040905001604,77,58,10.00,610.00,"6,100.00",2024-04-09
923,HRL,2024040905001605,77,38,10.00,610.00,"6,100.00",2024-04-09
924,HRL,2024040905001606,77,49,10.00,610.00,"6,100.00",2024-04-09
925,HRL,2024040905001607,77,10,10.00,610.00,"6,100.00",2024-04-09
926,HRL,2024040905001608,77,57,30.00,610.00,"18,300.00",2024-04-09
927,HRL,2024040905001609,77,34,30.00,610.00,"18,300.00",2024-04-09
928,HRL,2024040905001610,77,61,100.00,610.00,"61,000.00",2024-04-09
929,HRL,2024040905001611,77,58,10.00,610.00,"6,100.00",2024-04-09
930,HRL,2024040905001612,77,26,10.00,610.00,"6,100.00",2024-04-09
931,HRL,2024040905001613,77,45,10.00,610.00,"6,100.00",2024-04-09
932,HRL,2024040905001614,77,1,10.00,610.00,"6,100.00",2024-04-09
933,HRL,2024040905001615,77,45,10.00,610.00,"6,100.00",2024-04-09
934,HRL,2024040905001616,77,11,10.00,610.00,"6,100.00",2024-04-09
935,HRL,2024040905001617,77,45,10.00,610.00,"6,100.00",2024-04-09
936,HRL,2024040905001618,77,58,10.00,610.00,"6,100.00",2024-04-09
937,HRL,2024040905001619,77,55,30.00,610.00,"18,300.00",2024-04-09
938,HRL,2024040905001620,77,35,20.00,610.00,"12,200.00",2024-04-09
939,HRL,2024040905001621,77,42,30.00,610.00,"18,300.00",2024-04-09
940,HRL,2024040905001622,77,49,10.00,610.00,"6,100.00",2024-04-09
941,HRL,2024040905001623,77,38,10.00,610.00,"6,100.00",2024-04-09
942,HRL,2024040905001624,77,34,20.00,610.00,"12,200.00",2024-04-09
943,HRL,2024040905001625,77,6,20.00,610.00,"12,200.00",2024-04-09
944,HRL,2024040905001626,77,57,10.00,610.00,"6,100.00",2024-04-09
945,HRL,2024040905001627,77,22,10.00,610.00,"6,100.00",2024-04-09
946,HRL,2024040905001628,77,36,10.00,610.00,"6,100.00",2024-04-09
947,HRL,2024040905001629,77,8,10.00,610.00,"6,100.00",2024-04-09
948,HRL,2024040905001630,77,4,20.00,610.00,"12,200.00",2024-04-09
949,HRL,2024040905001631,77,51,10.00,610.00,"6,100.00",2024-04-09
950,HRL,2024040905001632,77,48,10.00,610.00,"6,100.00",2024-04-09
951,HRL,2024040905001633,77,34,20.00,610.00,"12,200.00",2024-04-09
952,HRL,2024040905001634,77,36,20.00,610.00,"12,200.00",2024-04-09
953,HRL,2024040905001635,77,57,10.00,610.00,"6,100.00",2024-04-09
954,HRL,2024040905001636,77,44,30.00,610.00,"18,300.00",2024-04-09
955,HRL,2024040905001637,77,53,10.00,610.00,"6,100.00",2024-04-09
956,HRL,2024040905001638,77,57,10.00,610.00,"6,100.00",2024-04-09
957,HRL,2024040905001639,77,45,10.00,610.00,"6,100.00",2024-04-09
958,HRL,2024040905001640,77,42,10.00,610.00,"6,100.00",2024-04-09
959,HRL,2024040905001641,77,45,10.00,610.00,"6,100.00",2024-04-09
960,HRL,2024040905001642,77,55,"2,000.00",610.00,"1,220,000.00",2024-04-09
961,HRL,2024040905001643,77,49,10.00,610.00,"6,100.00",2024-04-09
962,HRL,2024040905001644,77,57,10.00,610.00,"6,100.00",2024-04-09
963,HRL,2024040905001645,77,11,10.00,610.00,"6,100.00",2024-04-09
964,HRL,2024040905001646,77,35,20.00,610.00,"12,200.00",2024-04-09
965,HRL,2024040905001647,77,49,20.00,610.00,"12,200.00",2024-04-09
966,HRL,2024040905001648,77,6,20.00,610.00,"12,200.00",2024-04-09
967,HRL,2024040905001649,77,52,20.00,610.00,"12,200.00",2024-04-09
968,HRL,2024040905001650,77,52,40.00,610.00,"24,400.00",2024-04-09
969,HRL,2024040905001651,77,58,20.00,610.00,"12,200.00",2024-04-09
970,HRL,2024040905001652,77,58,30.00,610.00,"18,300.00",2024-04-09
971,HRL,2024040905001653,77,22,30.00,610.00,"18,300.00",2024-04-09
972,HRL,2024040905001654,77,59,10.00,610.00,"6,100.00",2024-04-09
973,HRL,2024040905001655,77,57,10.00,610.00,"6,100.00",2024-04-09
974,HRL,2024040905001656,77,25,200.00,610.00,"122,000.00",2024-04-09
975,HRL,2024040905001657,77,35,30.00,610.00,"18,300.00",2024-04-09
976,HRL,2024040905001658,77,58,20.00,610.00,"12,200.00",2024-04-09
977,HRL,2024040905001659,77,58,10.00,610.00,"6,100.00",2024-04-09
978,HRL,2024040905001660,77,57,20.00,610.00,"12,200.00",2024-04-09
979,HRL,2024040905001661,77,34,10.00,610.00,"6,100.00",2024-04-09
980,HRL,2024040905001662,77,48,10.00,610.00,"6,100.00",2024-04-09
981,HRL,2024040905001663,77,57,30.00,610.00,"18,300.00",2024-04-09
982,HRL,2024040905001667,77,11,10.00,610.00,"6,100.00",2024-04-09
983,HRL,2024040905001674,77,38,20.00,610.00,"12,200.00",2024-04-09
984,HRL,2024040905001677,57,42,10.00,610.20,"6,102.00",2024-04-09
985,HRL,2024040905001679,77,57,10.00,610.00,"6,100.00",2024-04-09
986,HRL,2024040905001681,77,51,10.00,610.00,"6,100.00",2024-04-09
987,HRL,2024040905001682,77,18,10.00,610.00,"6,100.00",2024-04-09
988,HRL,2024040905001683,77,21,10.00,610.00,"6,100.00",2024-04-09
989,HRL,2024040905001686,29,45,30.00,610.10,"18,303.00",2024-04-09
990,HRL,2024040905001690,53,42,10.00,610.20,"6,102.00",2024-04-09
991,HRL,2024040905001691,53,14,10.00,610.30,"6,103.00",2024-04-09
992,HRL,2024040905001692,53,55,10.00,610.50,"6,105.00",2024-04-09
993,HRL,2024040905001693,53,58,10.00,610.70,"6,107.00",2024-04-09
994,HRL,2024040905001694,53,49,10.00,610.70,"6,107.00",2024-04-09
995,HRL,2024040905001695,53,58,10.00,610.90,"6,109.00",2024-04-09
996,HRL,2024040905001696,53,42,20.00,610.90,"12,218.00",2024-04-09
997,HRL,2024040905001697,53,74,20.00,610.90,"12,218.00",2024-04-09
998,HRL,2024040905001699,29,18,10.00,610.10,"6,101.00",2024-04-09
999,HRL,2024040905001701,29,57,20.00,610.10,"12,202.00",2024-04-09
1000,HRL,2024040905001702,29,59,10.00,610.10,"6,101.00",2024-04-09
1001,HRL,2024040905001703,29,21,10.00,610.10,"6,101.00",2024-04-09
1002,HRL,2024040905001704,49,74,480.00,610.90,"293,232.00",2024-04-09
1003,HRL,2024040905001705,49,49,10.00,610.90,"6,109.00",2024-04-09
1004,HRL,2024040905001706,49,58,10.00,610.90,"6,109.00",2024-04-09
1005,HRL,2024040905001707,49,35,10.00,611.00,"6,110.00",2024-04-09
1006,HRL,2024040905001708,49,58,10.00,611.00,"6,110.00",2024-04-09
1007,HRL,2024040905001709,49,58,20.00,611.00,"12,220.00",2024-04-09
1008,HRL,2024040905001710,49,20,10.00,611.00,"6,110.00",2024-04-09
1009,HRL,2024040905001711,49,48,10.00,611.00,"6,110.00",2024-04-09
1010,HRL,2024040905001712,49,52,10.00,611.00,"6,110.00",2024-04-09
1011,HRL,2024040905001713,49,55,430.00,611.00,"262,730.00",2024-04-09
1012,HRL,2024040905001721,29,35,10.00,610.10,"6,101.00",2024-04-09
1013,HRL,2024040905001722,29,45,10.00,610.10,"6,101.00",2024-04-09
1014,HRL,2024040905001736,49,35,20.00,610.10,"12,202.00",2024-04-09
1015,HRL,2024040905001737,49,49,10.00,610.10,"6,101.00",2024-04-09
1016,HRL,2024040905001738,49,18,10.00,610.10,"6,101.00",2024-04-09
1017,HRL,2024040905001740,58,41,10.00,610.80,"6,108.00",2024-04-09
1018,HRL,2024040905001741,49,4,10.00,610.10,"6,101.00",2024-04-09
1019,HRL,2024040905001747,49,18,10.00,610.10,"6,101.00",2024-04-09
1020,HRL,2024040905001760,77,38,10.00,610.90,"6,109.00",2024-04-09
1021,HRL,2024040905001761,77,54,10.00,610.90,"6,109.00",2024-04-09
1022,HRL,2024040905001762,77,22,100.00,610.90,"61,090.00",2024-04-09
1023,HRL,2024040905001763,77,55,"1,570.00",611.00,"959,270.00",2024-04-09
1024,HRL,2024040905001764,77,62,610.00,611.00,"372,710.00",2024-04-09
1025,HRL,2024040905001765,77,45,10.00,611.00,"6,110.00",2024-04-09
1026,HRL,2024040905001766,77,58,20.00,611.20,"12,224.00",2024-04-09
1027,HRL,2024040905001767,77,59,10.00,611.90,"6,119.00",2024-04-09
1028,HRL,2024040905001768,77,25,250.00,611.90,"152,975.00",2024-04-09
1029,HRL,2024040905001769,77,14,20.00,612.00,"12,240.00",2024-04-09
1030,HRL,2024040905001770,77,29,20.00,612.00,"12,240.00",2024-04-09
1031,HRL,2024040905001771,77,48,500.00,612.00,"306,000.00",2024-04-09
1032,HRL,2024040905001772,77,57,20.00,612.00,"12,240.00",2024-04-09
1033,HRL,2024040905001773,77,16,20.00,612.00,"12,240.00",2024-04-09
1034,HRL,2024040905001774,77,58,10.00,612.00,"6,120.00",2024-04-09
1035,HRL,2024040905001775,77,58,10.00,612.00,"6,120.00",2024-04-09
1036,HRL,2024040905001776,77,51,20.00,612.00,"12,240.00",2024-04-09
1037,HRL,2024040905001777,77,49,10.00,612.00,"6,120.00",2024-04-09
1038,HRL,2024040905001778,77,58,30.00,612.00,"18,360.00",2024-04-09
1039,HRL,2024040905001779,77,57,10.00,612.00,"6,120.00",2024-04-09
1040,HRL,2024040905001780,77,59,10.00,612.00,"6,120.00",2024-04-09
1041,HRL,2024040905001781,77,57,10.00,612.00,"6,120.00",2024-04-09
1042,HRL,2024040905001782,77,34,50.00,612.00,"30,600.00",2024-04-09
1043,HRL,2024040905001783,77,49,20.00,612.00,"12,240.00",2024-04-09
1044,HRL,2024040905001784,77,57,20.00,612.00,"12,240.00",2024-04-09
1045,HRL,2024040905001785,77,34,30.00,612.00,"18,360.00",2024-04-09
1046,HRL,2024040905001786,77,38,50.00,612.00,"30,600.00",2024-04-09
1047,HRL,2024040905001787,77,35,10.00,612.00,"6,120.00",2024-04-09
1048,HRL,2024040905001788,77,45,10.00,612.00,"6,120.00",2024-04-09
1049,HRL,2024040905001789,77,41,10.00,612.00,"6,120.00",2024-04-09
1050,HRL,2024040905001790,77,45,10.00,612.00,"6,120.00",2024-04-09
1051,HRL,2024040905001791,77,45,10.00,612.00,"6,120.00",2024-04-09
1052,HRL,2024040905001792,77,28,10.00,612.00,"6,120.00",2024-04-09
1053,HRL,2024040905001793,77,4,30.00,612.00,"18,360.00",2024-04-09
1054,HRL,2024040905001794,77,58,10.00,612.00,"6,120.00",2024-04-09
1055,HRL,2024040905001795,77,3,300.00,612.00,"183,600.00",2024-04-09
1056,HRL,2024040905001796,77,17,30.00,612.00,"18,360.00",2024-04-09
1057,HRL,2024040905001797,77,35,100.00,612.00,"61,200.00",2024-04-09
1058,HRL,2024040905001798,77,55,10.00,612.00,"6,120.00",2024-04-09
1059,HRL,2024040905001799,77,42,10.00,612.00,"6,120.00",2024-04-09
1060,HRL,2024040905001800,77,49,10.00,612.00,"6,120.00",2024-04-09
1061,HRL,2024040905001803,39,19,10.00,612.10,"6,121.00",2024-04-09
1062,HRL,2024040905001804,55,46,10.00,612.90,"6,129.00",2024-04-09
1063,HRL,2024040905001805,55,19,10.00,612.90,"6,129.00",2024-04-09
1064,HRL,2024040905001806,39,19,10.00,612.10,"6,121.00",2024-04-09
1065,HRL,2024040905001807,39,29,100.00,613.00,"61,300.00",2024-04-09
1066,HRL,2024040905001808,39,34,10.00,613.00,"6,130.00",2024-04-09
1067,HRL,2024040905001809,39,45,10.00,613.00,"6,130.00",2024-04-09
1068,HRL,2024040905001810,39,56,10.00,613.00,"6,130.00",2024-04-09
1069,HRL,2024040905001811,39,20,10.00,613.00,"6,130.00",2024-04-09
1070,HRL,2024040905001812,39,34,10.00,613.00,"6,130.00",2024-04-09
1071,HRL,2024040905001814,39,38,10.00,612.10,"6,121.00",2024-04-09
1072,HRL,2024040905001815,57,34,10.00,613.00,"6,130.00",2024-04-09
1073,HRL,2024040905001816,57,33,90.00,613.00,"55,170.00",2024-04-09
1074,HRL,2024040905001817,47,33,10.00,613.00,"6,130.00",2024-04-09
1075,HRL,2024040905001818,47,49,20.00,613.00,"12,260.00",2024-04-09
1076,HRL,2024040905001819,47,41,20.00,613.00,"12,260.00",2024-04-09
1077,HRL,2024040905001820,47,49,10.00,614.00,"6,140.00",2024-04-09
1078,HRL,2024040905001821,47,36,10.00,614.00,"6,140.00",2024-04-09
1079,HRL,2024040905001822,47,45,10.00,614.00,"6,140.00",2024-04-09
1080,HRL,2024040905001823,47,34,20.00,614.00,"12,280.00",2024-04-09
1081,HRL,2024040905001824,47,45,10.00,614.00,"6,140.00",2024-04-09
1082,HRL,2024040905001825,47,45,10.00,614.00,"6,140.00",2024-04-09
1083,HRL,2024040905001826,47,36,10.00,614.00,"6,140.00",2024-04-09
1084,HRL,2024040905001827,47,56,10.00,614.00,"6,140.00",2024-04-09
1085,HRL,2024040905001828,47,45,10.00,614.00,"6,140.00",2024-04-09
1086,HRL,2024040905001829,47,21,10.00,614.00,"6,140.00",2024-04-09
1087,HRL,2024040905001830,47,8,340.00,614.00,"208,760.00",2024-04-09
1088,HRL,2024040905001832,76,19,20.00,613.00,"12,260.00",2024-04-09
1089,HRL,2024040905001833,76,51,10.00,613.00,"6,130.00",2024-04-09
1090,HRL,2024040905001835,76,19,20.00,613.00,"12,260.00",2024-04-09
1091,HRL,2024040905001837,47,8,160.00,614.00,"98,240.00",2024-04-09
1092,HRL,2024040905001838,47,45,10.00,614.00,"6,140.00",2024-04-09
1093,HRL,2024040905001839,42,33,10.00,612.00,"6,120.00",2024-04-09
1094,HRL,2024040905001840,42,69,10.00,612.00,"6,120.00",2024-04-09
1095,HRL,2024040905001841,76,69,20.00,612.00,"12,240.00",2024-04-09
1096,HRL,2024040905001842,76,51,10.00,612.00,"6,120.00",2024-04-09
1097,HRL,2024040905001843,76,49,20.00,612.00,"12,240.00",2024-04-09
1098,HRL,2024040905001844,46,55,10.00,612.00,"6,120.00",2024-04-09
1099,HRL,2024040905001845,46,44,10.00,612.00,"6,120.00",2024-04-09
1100,HRL,2024040905001847,46,55,10.00,612.00,"6,120.00",2024-04-09
1101,HRL,2024040905001852,58,42,10.00,613.00,"6,130.00",2024-04-09
1102,HRL,2024040905001853,58,41,10.00,613.00,"6,130.00",2024-04-09
1103,HRL,2024040905001854,46,6,20.00,612.00,"12,240.00",2024-04-09
1104,HRL,2024040905001855,46,57,20.00,612.00,"12,240.00",2024-04-09
1105,HRL,2024040905001856,46,13,10.00,612.00,"6,120.00",2024-04-09
1106,HRL,2024040905001857,46,39,10.00,612.00,"6,120.00",2024-04-09
1107,HRL,2024040905001858,46,49,10.00,612.00,"6,120.00",2024-04-09
1108,HRL,2024040905001859,17,45,40.00,612.00,"24,480.00",2024-04-09
1109,HRL,2024040905001860,17,38,10.00,612.00,"6,120.00",2024-04-09
1110,HRL,2024040905001861,6,43,30.00,613.00,"18,390.00",2024-04-09
1111,HRL,2024040905001862,6,49,10.00,613.00,"6,130.00",2024-04-09
1112,HRL,2024040905001863,6,33,10.00,613.00,"6,130.00",2024-04-09
1113,HRL,2024040905001864,47,34,10.00,612.00,"6,120.00",2024-04-09
1114,HRL,2024040905001865,47,49,190.00,612.00,"116,280.00",2024-04-09
1115,HRL,2024040905001866,47,83,20.00,612.00,"12,240.00",2024-04-09
1116,HRL,2024040905001867,47,51,10.00,612.00,"6,120.00",2024-04-09
1117,HRL,2024040905001869,47,40,20.00,612.00,"12,240.00",2024-04-09
1118,HRL,2024040905001871,11,33,10.00,613.00,"6,130.00",2024-04-09
1119,HRL,2024040905001872,11,29,10.00,613.00,"6,130.00",2024-04-09
1120,HRL,2024040905001874,34,52,30.00,612.10,"18,363.00",2024-04-09
1121,HRL,2024040905001876,34,34,10.00,612.10,"6,121.00",2024-04-09
1122,HRL,2024040905001878,49,1,200.00,612.20,"122,440.00",2024-04-09
1123,HRL,2024040905001881,52,45,20.00,612.80,"12,256.00",2024-04-09
1124,HRL,2024040905001882,52,58,10.00,612.90,"6,129.00",2024-04-09
1125,HRL,2024040905001883,52,29,20.00,613.00,"12,260.00",2024-04-09
1126,HRL,2024040905001884,46,52,30.00,612.20,"18,366.00",2024-04-09
1127,HRL,2024040905001885,46,49,10.00,612.20,"6,122.00",2024-04-09
1128,HRL,2024040905001888,39,29,25.00,613.00,"15,325.00",2024-04-09
1129,HRL,2024040905001889,46,51,10.00,612.20,"6,122.00",2024-04-09
1130,HRL,2024040905001890,42,41,50.00,612.20,"30,610.00",2024-04-09
1131,HRL,2024040905001891,47,41,50.00,612.00,"30,600.00",2024-04-09
1132,HRL,2024040905001892,57,38,20.00,612.00,"12,240.00",2024-04-09
1133,HRL,2024040905001896,16,58,10.00,612.20,"6,122.00",2024-04-09
1134,HRL,2024040905001897,16,45,20.00,612.80,"12,256.00",2024-04-09
1135,HRL,2024040905001898,16,29,20.00,613.00,"12,260.00",2024-04-09
1136,HRL,2024040905001906,34,45,10.00,612.10,"6,121.00",2024-04-09
1137,HRL,2024040905001907,34,49,10.00,612.10,"6,121.00",2024-04-09
1138,HRL,2024040905001909,34,13,10.00,612.10,"6,121.00",2024-04-09
1139,HRL,2024040905001910,34,36,420.00,612.10,"257,082.00",2024-04-09
1140,HRL,2024040905001911,42,36,50.00,612.10,"30,605.00",2024-04-09
1141,HRL,2024040905001912,76,36,135.00,612.00,"82,620.00",2024-04-09
1142,HRL,2024040905001913,76,36,10.00,612.00,"6,120.00",2024-04-09
1143,HRL,2024040905001914,42,36,100.00,612.00,"61,200.00",2024-04-09
1144,HRL,2024040905001915,32,36,500.00,612.00,"306,000.00",2024-04-09
1145,HRL,2024040905001916,57,36,15.00,612.00,"9,180.00",2024-04-09
1146,HRL,2024040905001917,35,36,500.00,612.00,"306,000.00",2024-04-09
1147,HRL,2024040905001918,45,58,10.00,611.10,"6,111.00",2024-04-09
1148,HRL,2024040905001920,45,36,90.00,611.10,"54,999.00",2024-04-09
1149,HRL,2024040905001921,49,36,86.00,611.00,"52,546.00",2024-04-09
1150,HRL,2024040905001922,44,36,20.00,611.00,"12,220.00",2024-04-09
1151,HRL,2024040905001923,26,36,30.00,611.00,"18,330.00",2024-04-09
1152,HRL,2024040905001924,55,36,44.00,611.00,"26,884.00",2024-04-09
1153,HRL,2024040905001927,55,49,30.00,611.00,"18,330.00",2024-04-09
1154,HRL,2024040905001931,7,52,10.00,612.00,"6,120.00",2024-04-09
1155,HRL,2024040905001932,7,42,20.00,612.00,"12,240.00",2024-04-09
1156,HRL,2024040905001933,55,21,10.00,611.00,"6,110.00",2024-04-09
1157,HRL,2024040905001945,10,37,150.00,612.90,"91,935.00",2024-04-09
1158,HRL,2024040905001946,10,29,25.00,613.00,"15,325.00",2024-04-09
1159,HRL,2024040905001947,10,57,10.00,613.00,"6,130.00",2024-04-09
1160,HRL,2024040905001948,10,6,10.00,613.00,"6,130.00",2024-04-09
1161,HRL,2024040905001949,10,90,50.00,613.00,"30,650.00",2024-04-09
1162,HRL,2024040905001950,10,49,20.00,613.00,"12,260.00",2024-04-09
1163,HRL,2024040905001951,10,4,100.00,613.00,"61,300.00",2024-04-09
1164,HRL,2024040905001952,10,7,10.00,613.00,"6,130.00",2024-04-09
1165,HRL,2024040905001953,10,58,10.00,613.00,"6,130.00",2024-04-09
1166,HRL,2024040905001954,10,41,20.00,613.00,"12,260.00",2024-04-09
1167,HRL,2024040905001955,10,7,20.00,613.00,"12,260.00",2024-04-09
1168,HRL,2024040905001957,10,32,75.00,613.00,"45,975.00",2024-04-09
1169,HRL,2024040905001958,34,32,"1,000.00",611.10,"611,100.00",2024-04-09
1170,HRL,2024040905001959,59,32,200.00,611.10,"122,220.00",2024-04-09
1171,HRL,2024040905001960,55,32,295.00,611.00,"180,245.00",2024-04-09
1172,HRL,2024040905001965,55,42,10.00,611.00,"6,110.00",2024-04-09
1173,HRL,2024040905001970,49,55,10.00,611.10,"6,111.00",2024-04-09
1174,HRL,2024040905001971,49,58,10.00,611.10,"6,111.00",2024-04-09
1175,HRL,2024040905001976,49,49,10.00,611.10,"6,111.00",2024-04-09
1176,HRL,2024040905001977,49,32,170.00,611.10,"103,887.00",2024-04-09
1177,HRL,2024040905001978,55,32,"1,330.00",611.00,"812,630.00",2024-04-09
1178,HRL,2024040905001982,41,7,10.00,612.00,"6,120.00",2024-04-09
1179,HRL,2024040905001983,41,51,5.00,612.00,"3,060.00",2024-04-09
1180,HRL,2024040905001984,66,52,10.00,611.10,"6,111.00",2024-04-09
1181,HRL,2024040905001985,66,58,10.00,611.10,"6,111.00",2024-04-09
1182,HRL,2024040905001991,48,42,10.00,612.00,"6,120.00",2024-04-09
1183,HRL,2024040905001992,48,36,10.00,612.00,"6,120.00",2024-04-09
1184,HRL,2024040905001993,48,6,20.00,612.00,"12,240.00",2024-04-09
1185,HRL,2024040905001994,48,49,90.00,612.00,"55,080.00",2024-04-09
1186,HRL,2024040905001995,48,58,10.00,612.00,"6,120.00",2024-04-09
1187,HRL,2024040905001998,48,58,10.00,612.00,"6,120.00",2024-04-09
1188,HRL,2024040905001999,48,7,10.00,612.00,"6,120.00",2024-04-09
1189,HRL,2024040905002000,48,45,10.00,612.00,"6,120.00",2024-04-09
1190,HRL,2024040905002001,29,58,10.00,612.80,"6,128.00",2024-04-09
1191,HRL,2024040905002002,29,7,10.00,613.00,"6,130.00",2024-04-09
1192,HRL,2024040905002003,29,1,50.00,613.00,"30,650.00",2024-04-09
1193,HRL,2024040905002004,29,7,10.00,613.00,"6,130.00",2024-04-09
1194,HRL,2024040905002005,29,34,20.00,613.00,"12,260.00",2024-04-09
1195,HRL,2024040905002006,48,7,10.00,612.00,"6,120.00",2024-04-09
1196,HRL,2024040905002008,48,42,20.00,612.00,"12,240.00",2024-04-09
1197,HRL,2024040905002016,10,51,20.00,613.00,"12,260.00",2024-04-09
1198,HRL,2024040905002017,10,38,10.00,613.00,"6,130.00",2024-04-09
1199,HRL,2024040905002018,10,35,10.00,613.00,"6,130.00",2024-04-09
1200,HRL,2024040905002019,10,53,50.00,613.00,"30,650.00",2024-04-09
1201,HRL,2024040905002020,10,34,20.00,613.00,"12,260.00",2024-04-09
1202,HRL,2024040905002021,10,22,50.00,613.90,"30,695.00",2024-04-09
1203,HRL,2024040905002022,10,13,46.00,613.90,"28,239.40",2024-04-09
1204,HRL,2024040905002023,10,58,20.00,614.00,"12,280.00",2024-04-09
1205,HRL,2024040905002024,10,34,10.00,614.00,"6,140.00",2024-04-09
1206,HRL,2024040905002025,10,49,20.00,614.00,"12,280.00",2024-04-09
1207,HRL,2024040905002026,10,19,20.00,614.00,"12,280.00",2024-04-09
1208,HRL,2024040905002027,10,14,10.00,614.00,"6,140.00",2024-04-09
1209,HRL,2024040905002028,10,21,20.00,614.00,"12,280.00",2024-04-09
1210,HRL,2024040905002029,10,45,194.00,614.00,"119,116.00",2024-04-09
1211,HRL,2024040905002030,38,49,10.00,613.00,"6,130.00",2024-04-09
1212,HRL,2024040905002031,38,46,10.00,613.00,"6,130.00",2024-04-09
1213,HRL,2024040905002032,38,58,30.00,613.00,"18,390.00",2024-04-09
1214,HRL,2024040905002040,38,47,50.00,613.00,"30,650.00",2024-04-09
1215,HRL,2024040905002047,66,45,80.00,612.10,"48,968.00",2024-04-09
1216,HRL,2024040905002048,48,45,190.00,612.00,"116,280.00",2024-04-09
1217,HRL,2024040905002051,48,45,50.00,612.00,"30,600.00",2024-04-09
1218,HRL,2024040905002052,48,7,10.00,612.00,"6,120.00",2024-04-09
1219,HRL,2024040905002056,48,58,20.00,612.00,"12,240.00",2024-04-09
1220,HRL,2024040905002058,48,6,10.00,612.00,"6,120.00",2024-04-09
1221,HRL,2024040905002059,48,7,10.00,612.00,"6,120.00",2024-04-09
1222,HRL,2024040905002060,43,94,10.00,612.00,"6,120.00",2024-04-09
1223,HRL,2024040905002064,43,62,77.00,612.00,"47,124.00",2024-04-09
1224,HRL,2024040905002065,88,62,300.00,611.20,"183,360.00",2024-04-09
1225,HRL,2024040905002066,49,62,123.00,611.10,"75,165.30",2024-04-09
1226,HRL,2024040905002070,45,58,20.00,612.00,"12,240.00",2024-04-09
1227,HRL,2024040905002071,45,58,10.00,612.00,"6,120.00",2024-04-09
1228,HRL,2024040905002072,45,41,20.00,612.00,"12,240.00",2024-04-09
1229,HRL,2024040905002073,45,45,10.00,612.00,"6,120.00",2024-04-09
1230,HRL,2024040905002074,45,7,10.00,612.00,"6,120.00",2024-04-09
1231,HRL,2024040905002075,45,68,10.00,612.00,"6,120.00",2024-04-09
1232,HRL,2024040905002078,45,6,40.00,612.00,"24,480.00",2024-04-09
1233,HRL,2024040905002079,45,89,100.00,612.00,"61,200.00",2024-04-09
1234,HRL,2024040905002088,45,40,20.00,612.00,"12,240.00",2024-04-09
1235,HRL,2024040905002089,45,35,10.00,612.00,"6,120.00",2024-04-09
1236,HRL,2024040905002090,6,35,10.00,611.20,"6,112.00",2024-04-09
1237,HRL,2024040905002095,6,40,20.00,611.20,"12,224.00",2024-04-09
1238,HRL,2024040905002096,6,34,10.00,611.20,"6,112.00",2024-04-09
1239,HRL,2024040905002098,6,46,10.00,611.20,"6,112.00",2024-04-09
1240,HRL,2024040905002102,6,29,10.00,611.20,"6,112.00",2024-04-09
1241,HRL,2024040905002103,6,43,10.00,611.20,"6,112.00",2024-04-09
1242,HRL,2024040905002104,6,55,10.00,611.20,"6,112.00",2024-04-09
1243,HRL,2024040905002109,6,49,10.00,611.20,"6,112.00",2024-04-09
1244,HRL,2024040905002110,6,41,20.00,611.20,"12,224.00",2024-04-09
1245,HRL,2024040905002112,48,53,20.00,612.00,"12,240.00",2024-04-09
1246,HRL,2024040905002113,48,45,30.00,612.00,"18,360.00",2024-04-09
1247,HRL,2024040905002114,48,22,10.00,612.00,"6,120.00",2024-04-09
1248,HRL,2024040905002115,48,58,10.00,612.00,"6,120.00",2024-04-09
1249,HRL,2024040905002116,48,58,30.00,612.00,"18,360.00",2024-04-09
1250,HRL,2024040905002117,6,52,30.00,611.20,"18,336.00",2024-04-09
1251,HRL,2024040905002121,6,22,10.00,611.20,"6,112.00",2024-04-09
1252,HRL,2024040905002122,39,58,140.00,612.00,"85,680.00",2024-04-09
1253,HRL,2024040905002123,39,38,10.00,612.00,"6,120.00",2024-04-09
1254,HRL,2024040905002124,39,36,20.00,612.00,"12,240.00",2024-04-09
1255,HRL,2024040905002125,39,44,20.00,612.00,"12,240.00",2024-04-09
1256,HRL,2024040905002126,39,58,10.00,612.00,"6,120.00",2024-04-09
1257,HRL,2024040905002139,48,49,10.00,611.50,"6,115.00",2024-04-09
1258,HRL,2024040905002140,48,57,20.00,612.00,"12,240.00",2024-04-09
1259,HRL,2024040905002141,48,45,10.00,612.00,"6,120.00",2024-04-09
1260,HRL,2024040905002142,48,26,30.00,612.00,"18,360.00",2024-04-09
1261,HRL,2024040905002143,48,35,10.00,612.00,"6,120.00",2024-04-09
1262,HRL,2024040905002144,48,19,90.00,612.00,"55,080.00",2024-04-09
1263,HRL,2024040905002145,48,56,130.00,612.00,"79,560.00",2024-04-09
1264,HRL,2024040905002147,6,13,10.00,611.20,"6,112.00",2024-04-09
1265,HRL,2024040905002150,6,35,10.00,611.20,"6,112.00",2024-04-09
1266,HRL,2024040905002155,6,39,10.00,611.20,"6,112.00",2024-04-09
1267,HRL,2024040905002157,6,42,10.00,611.20,"6,112.00",2024-04-09
1268,HRL,2024040905002160,39,56,20.00,612.00,"12,240.00",2024-04-09
1269,HRL,2024040905002161,39,4,20.00,612.00,"12,240.00",2024-04-09
1270,HRL,2024040905002162,39,38,10.00,612.00,"6,120.00",2024-04-09
1271,HRL,2024040905002163,6,11,10.00,611.20,"6,112.00",2024-04-09
1272,HRL,2024040905002164,48,94,10.00,611.20,"6,112.00",2024-04-09
1273,HRL,2024040905002165,48,52,30.00,612.00,"18,360.00",2024-04-09
1274,HRL,2024040905002166,48,35,10.00,612.00,"6,120.00",2024-04-09
1275,HRL,2024040905002167,48,55,10.00,612.50,"6,125.00",2024-04-09
1276,HRL,2024040905002168,48,62,200.00,612.90,"122,580.00",2024-04-09
1277,HRL,2024040905002169,48,34,10.00,613.00,"6,130.00",2024-04-09
1278,HRL,2024040905002170,48,41,20.00,613.00,"12,260.00",2024-04-09
1279,HRL,2024040905002171,48,6,20.00,613.00,"12,260.00",2024-04-09
1280,HRL,2024040905002172,57,1,10.00,612.00,"6,120.00",2024-04-09
1281,HRL,2024040905002173,57,49,10.00,612.00,"6,120.00",2024-04-09
1282,HRL,2024040905002174,20,29,10.00,613.00,"6,130.00",2024-04-09
1283,HRL,2024040905002175,20,45,10.00,613.00,"6,130.00",2024-04-09
1284,HRL,2024040905002176,20,41,20.00,613.00,"12,260.00",2024-04-09
1285,HRL,2024040905002177,20,35,10.00,613.00,"6,130.00",2024-04-09
1286,HRL,2024040905002178,20,4,20.00,613.00,"12,260.00",2024-04-09
1287,HRL,2024040905002179,20,32,30.00,613.00,"18,390.00",2024-04-09
1288,HRL,2024040905002180,20,55,10.00,613.00,"6,130.00",2024-04-09
1289,HRL,2024040905002181,20,43,28.00,613.90,"17,189.20",2024-04-09
1290,HRL,2024040905002182,20,59,50.00,613.90,"30,695.00",2024-04-09
1291,HRL,2024040905002183,20,6,200.00,613.90,"122,780.00",2024-04-09
1292,HRL,2024040905002184,20,22,100.00,613.90,"61,390.00",2024-04-09
1293,HRL,2024040905002185,20,45,306.00,614.00,"187,884.00",2024-04-09
1294,HRL,2024040905002186,20,42,30.00,614.00,"18,420.00",2024-04-09
1295,HRL,2024040905002187,20,70,10.00,614.00,"6,140.00",2024-04-09
1296,HRL,2024040905002188,20,58,20.00,614.00,"12,280.00",2024-04-09
1297,HRL,2024040905002189,20,42,30.00,614.00,"18,420.00",2024-04-09
1298,HRL,2024040905002190,20,55,116.00,614.00,"71,224.00",2024-04-09
1299,HRL,2024040905002192,66,6,10.00,612.10,"6,121.00",2024-04-09
1300,HRL,2024040905002193,48,55,300.00,614.00,"184,200.00",2024-04-09
1301,HRL,2024040905002194,41,21,20.00,612.30,"12,246.00",2024-04-09
1302,HRL,2024040905002199,41,40,10.00,612.30,"6,123.00",2024-04-09
1303,HRL,2024040905002200,41,21,10.00,612.30,"6,123.00",2024-04-09
1304,HRL,2024040905002205,41,42,20.00,612.30,"12,246.00",2024-04-09
1305,HRL,2024040905002206,41,29,10.00,612.30,"6,123.00",2024-04-09
1306,HRL,2024040905002211,41,57,10.00,612.30,"6,123.00",2024-04-09
1307,HRL,2024040905002212,41,22,30.00,612.30,"18,369.00",2024-04-09
1308,HRL,2024040905002218,41,1,30.00,612.30,"18,369.00",2024-04-09
1309,HRL,2024040905002221,41,34,10.00,612.30,"6,123.00",2024-04-09
1310,HRL,2024040905002223,66,36,307.00,612.10,"187,914.70",2024-04-09
1311,HRL,2024040905002224,57,36,30.00,612.00,"18,360.00",2024-04-09
1312,HRL,2024040905002225,39,36,200.00,612.00,"122,400.00",2024-04-09
1313,HRL,2024040905002226,13,36,50.00,612.00,"30,600.00",2024-04-09
1314,HRL,2024040905002227,35,36,500.00,611.40,"305,700.00",2024-04-09
1315,HRL,2024040905002228,34,36,500.00,611.30,"305,650.00",2024-04-09
1316,HRL,2024040905002229,1,36,30.00,611.30,"18,339.00",2024-04-09
1317,HRL,2024040905002230,65,36,300.00,611.30,"183,390.00",2024-04-09
1318,HRL,2024040905002231,48,36,83.00,611.20,"50,729.60",2024-04-09
1319,HRL,2024040905002237,48,55,10.00,611.20,"6,112.00",2024-04-09
1320,HRL,2024040905002238,43,14,10.00,611.30,"6,113.00",2024-04-09
1321,HRL,2024040905002239,43,52,10.00,611.30,"6,113.00",2024-04-09
1322,HRL,2024040905002240,43,7,10.00,611.30,"6,113.00",2024-04-09
1323,HRL,2024040905002241,39,57,10.00,612.00,"6,120.00",2024-04-09
1324,HRL,2024040905002242,39,58,10.00,612.40,"6,124.00",2024-04-09
1325,HRL,2024040905002250,34,94,10.00,611.40,"6,114.00",2024-04-09
1326,HRL,2024040905002251,39,41,20.00,612.90,"12,258.00",2024-04-09
1327,HRL,2024040905002253,34,8,10.00,611.40,"6,114.00",2024-04-09
1328,HRL,2024040905002261,36,53,20.00,613.00,"12,260.00",2024-04-09
1329,HRL,2024040905002262,36,58,10.00,613.00,"6,130.00",2024-04-09
1330,HRL,2024040905002263,36,58,30.00,613.00,"18,390.00",2024-04-09
1331,HRL,2024040905002264,36,58,20.00,613.50,"12,270.00",2024-04-09
1332,HRL,2024040905002265,36,35,10.00,613.90,"6,139.00",2024-04-09
1333,HRL,2024040905002266,36,51,30.00,613.90,"18,417.00",2024-04-09
1334,HRL,2024040905002267,36,21,20.00,613.90,"12,278.00",2024-04-09
1335,HRL,2024040905002268,36,28,10.00,613.90,"6,139.00",2024-04-09
1336,HRL,2024040905002269,36,14,10.00,613.90,"6,139.00",2024-04-09
1337,HRL,2024040905002270,36,55,"1,584.00",614.00,"972,576.00",2024-04-09
1338,HRL,2024040905002271,36,56,10.00,614.00,"6,140.00",2024-04-09
1339,HRL,2024040905002272,36,43,10.00,614.00,"6,140.00",2024-04-09
1340,HRL,2024040905002273,36,58,20.00,614.00,"12,280.00",2024-04-09
1341,HRL,2024040905002274,36,63,10.00,614.00,"6,140.00",2024-04-09
1342,HRL,2024040905002275,36,29,200.00,614.00,"122,800.00",2024-04-09
1343,HRL,2024040905002276,34,17,15.00,611.40,"9,171.00",2024-04-09
1344,HRL,2024040905002277,34,52,10.00,611.40,"6,114.00",2024-04-09
1345,HRL,2024040905002280,34,7,10.00,611.40,"6,114.00",2024-04-09
1346,HRL,2024040905002281,66,49,10.00,612.00,"6,120.00",2024-04-09
1347,HRL,2024040905002285,66,32,10.00,612.00,"6,120.00",2024-04-09
1348,HRL,2024040905002286,66,58,10.00,612.00,"6,120.00",2024-04-09
1349,HRL,2024040905002287,66,49,10.00,612.00,"6,120.00",2024-04-09
1350,HRL,2024040905002288,66,7,10.00,612.00,"6,120.00",2024-04-09
1351,HRL,2024040905002289,39,35,10.00,612.40,"6,124.00",2024-04-09
1352,HRL,2024040905002290,17,52,10.00,611.50,"6,115.00",2024-04-09
1353,HRL,2024040905002292,17,38,10.00,611.50,"6,115.00",2024-04-09
1354,HRL,2024040905002293,53,28,10.00,611.60,"6,116.00",2024-04-09
1355,HRL,2024040905002300,53,45,10.00,611.60,"6,116.00",2024-04-09
1356,HRL,2024040905002302,53,38,30.00,611.60,"18,348.00",2024-04-09
1357,HRL,2024040905002312,53,22,10.00,611.60,"6,116.00",2024-04-09
1358,HRL,2024040905002313,53,44,10.00,611.60,"6,116.00",2024-04-09
1359,HRL,2024040905002316,39,36,10.00,612.00,"6,120.00",2024-04-09
1360,HRL,2024040905002317,39,35,10.00,612.00,"6,120.00",2024-04-09
1361,HRL,2024040905002320,53,14,100.00,611.60,"61,160.00",2024-04-09
1362,HRL,2024040905002321,39,35,30.00,612.00,"18,360.00",2024-04-09
1363,HRL,2024040905002324,53,16,10.00,611.60,"6,116.00",2024-04-09
1364,HRL,2024040905002325,39,57,10.00,612.00,"6,120.00",2024-04-09
1365,HRL,2024040905002326,53,19,20.00,611.60,"12,232.00",2024-04-09
1366,HRL,2024040905002329,39,35,10.00,612.00,"6,120.00",2024-04-09
1367,HRL,2024040905002335,17,57,10.00,611.50,"6,115.00",2024-04-09
1368,HRL,2024040905002336,17,19,20.00,611.50,"12,230.00",2024-04-09
1369,HRL,2024040905002337,39,19,10.00,611.50,"6,115.00",2024-04-09
1370,HRL,2024040905002340,39,16,10.00,611.60,"6,116.00",2024-04-09
1371,HRL,2024040905002342,39,29,20.00,611.50,"12,230.00",2024-04-09
1372,HRL,2024040905002343,39,35,170.00,611.50,"103,955.00",2024-04-09
1373,HRL,2024040905002344,6,35,300.00,611.50,"183,450.00",2024-04-09
1374,HRL,2024040905002345,58,35,30.00,611.50,"18,345.00",2024-04-09
1375,HRL,2024040905002351,58,53,10.00,611.50,"6,115.00",2024-04-09
1376,HRL,2024040905002352,58,22,10.00,611.50,"6,115.00",2024-04-09
1377,HRL,2024040905002353,58,53,10.00,611.50,"6,115.00",2024-04-09
1378,HRL,2024040905002354,58,36,10.00,611.50,"6,115.00",2024-04-09
1379,HRL,2024040905002358,39,29,20.00,611.60,"12,232.00",2024-04-09
1380,HRL,2024040905002361,58,35,10.00,612.00,"6,120.00",2024-04-09
1381,HRL,2024040905002362,58,41,10.00,612.00,"6,120.00",2024-04-09
1382,HRL,2024040905002364,58,57,80.00,612.00,"48,960.00",2024-04-09
1383,HRL,2024040905002366,41,36,10.00,611.60,"6,116.00",2024-04-09
1384,HRL,2024040905002374,41,8,10.00,611.60,"6,116.00",2024-04-09
1385,HRL,2024040905002376,41,58,10.00,611.60,"6,116.00",2024-04-09
1386,HRL,2024040905002381,39,57,20.00,612.00,"12,240.00",2024-04-09
1387,HRL,2024040905002382,39,46,30.00,612.00,"18,360.00",2024-04-09
1388,HRL,2024040905002383,39,38,30.00,612.00,"18,360.00",2024-04-09
1389,HRL,2024040905002390,39,8,10.00,612.00,"6,120.00",2024-04-09
1390,HRL,2024040905002393,49,58,10.00,613.00,"6,130.00",2024-04-09
1391,HRL,2024040905002394,49,58,10.00,613.00,"6,130.00",2024-04-09
1392,HRL,2024040905002395,49,58,10.00,613.00,"6,130.00",2024-04-09
1393,HRL,2024040905002396,49,13,10.00,613.00,"6,130.00",2024-04-09
1394,HRL,2024040905002397,49,35,30.00,613.00,"18,390.00",2024-04-09
1395,HRL,2024040905002398,49,58,20.00,613.00,"12,260.00",2024-04-09
1396,HRL,2024040905002399,49,66,20.00,613.00,"12,260.00",2024-04-09
1397,HRL,2024040905002400,49,34,20.00,613.00,"12,260.00",2024-04-09
1398,HRL,2024040905002403,39,58,10.00,612.00,"6,120.00",2024-04-09
1399,HRL,2024040905002408,49,7,10.00,612.10,"6,121.00",2024-04-09
1400,HRL,2024040905002411,89,45,10.00,613.00,"6,130.00",2024-04-09
1401,HRL,2024040905002415,89,53,20.00,613.00,"12,260.00",2024-04-09
1402,HRL,2024040905002416,89,36,20.00,613.00,"12,260.00",2024-04-09
1403,HRL,2024040905002417,34,54,10.00,613.20,"6,132.00",2024-04-09
1404,HRL,2024040905002418,34,56,10.00,613.20,"6,132.00",2024-04-09
1405,HRL,2024040905002419,34,17,25.00,613.20,"15,330.00",2024-04-09
1406,HRL,2024040905002421,58,35,10.00,613.90,"6,139.00",2024-04-09
1407,HRL,2024040905002422,58,65,15.00,613.90,"9,208.50",2024-04-09
1408,HRL,2024040905002423,49,65,985.00,613.10,"603,903.50",2024-04-09
1409,HRL,2024040905002424,49,58,10.00,613.10,"6,131.00",2024-04-09
1410,HRL,2024040905002425,49,36,10.00,614.00,"6,140.00",2024-04-09
1411,HRL,2024040905002426,49,11,10.00,614.00,"6,140.00",2024-04-09
1412,HRL,2024040905002427,49,45,100.00,614.00,"61,400.00",2024-04-09
1413,HRL,2024040905002428,49,32,10.00,614.00,"6,140.00",2024-04-09
1414,HRL,2024040905002429,49,49,10.00,614.00,"6,140.00",2024-04-09
1415,HRL,2024040905002430,49,38,10.00,614.00,"6,140.00",2024-04-09
1416,HRL,2024040905002431,49,4,10.00,614.00,"6,140.00",2024-04-09
1417,HRL,2024040905002432,49,8,10.00,614.00,"6,140.00",2024-04-09
1418,HRL,2024040905002433,49,34,10.00,614.00,"6,140.00",2024-04-09
1419,HRL,2024040905002434,49,25,10.00,614.00,"6,140.00",2024-04-09
1420,HRL,2024040905002435,49,91,20.00,614.00,"12,280.00",2024-04-09
1421,HRL,2024040905002436,49,45,100.00,614.50,"61,450.00",2024-04-09
1422,HRL,2024040905002437,49,57,20.00,614.50,"12,290.00",2024-04-09
1423,HRL,2024040905002438,49,56,10.00,614.60,"6,146.00",2024-04-09
1424,HRL,2024040905002439,49,56,40.00,614.60,"24,584.00",2024-04-09
1425,HRL,2024040905002440,49,45,10.00,614.60,"6,146.00",2024-04-09
1426,HRL,2024040905002441,49,36,10.00,614.60,"6,146.00",2024-04-09
1427,HRL,2024040905002442,49,59,20.00,615.00,"12,300.00",2024-04-09
1428,HRL,2024040905002443,49,38,50.00,615.00,"30,750.00",2024-04-09
1429,HRL,2024040905002444,49,86,200.00,615.00,"123,000.00",2024-04-09
1430,HRL,2024040905002445,49,47,10.00,615.00,"6,150.00",2024-04-09
1431,HRL,2024040905002446,49,49,10.00,615.00,"6,150.00",2024-04-09
1432,HRL,2024040905002447,49,49,10.00,615.00,"6,150.00",2024-04-09
1433,HRL,2024040905002448,49,49,10.00,615.00,"6,150.00",2024-04-09
1434,HRL,2024040905002449,49,4,10.00,615.00,"6,150.00",2024-04-09
1435,HRL,2024040905002450,49,58,10.00,615.00,"6,150.00",2024-04-09
1436,HRL,2024040905002451,49,38,200.00,615.00,"123,000.00",2024-04-09
1437,HRL,2024040905002452,49,35,10.00,615.00,"6,150.00",2024-04-09
1438,HRL,2024040905002453,49,43,10.00,615.00,"6,150.00",2024-04-09
1439,HRL,2024040905002454,49,5,10.00,615.00,"6,150.00",2024-04-09
1440,HRL,2024040905002455,49,48,10.00,615.00,"6,150.00",2024-04-09
1441,HRL,2024040905002456,49,49,10.00,615.00,"6,150.00",2024-04-09
1442,HRL,2024040905002457,49,45,10.00,615.00,"6,150.00",2024-04-09
1443,HRL,2024040905002458,49,26,20.00,615.00,"12,300.00",2024-04-09
1444,HRL,2024040905002459,49,43,10.00,615.00,"6,150.00",2024-04-09
1445,HRL,2024040905002460,49,57,20.00,615.00,"12,300.00",2024-04-09
1446,HRL,2024040905002461,49,11,10.00,615.00,"6,150.00",2024-04-09
1447,HRL,2024040905002462,49,38,10.00,615.00,"6,150.00",2024-04-09
1448,HRL,2024040905002463,49,16,10.00,615.00,"6,150.00",2024-04-09
1449,HRL,2024040905002464,49,45,200.00,615.00,"123,000.00",2024-04-09
1450,HRL,2024040905002465,49,32,20.00,615.00,"12,300.00",2024-04-09
1451,HRL,2024040905002466,49,45,20.00,615.00,"12,300.00",2024-04-09
1452,HRL,2024040905002467,49,71,100.00,615.00,"61,500.00",2024-04-09
1453,HRL,2024040905002468,49,44,10.00,615.00,"6,150.00",2024-04-09
1454,HRL,2024040905002469,49,84,500.00,615.00,"307,500.00",2024-04-09
1455,HRL,2024040905002470,49,45,10.00,615.00,"6,150.00",2024-04-09
1456,HRL,2024040905002471,49,32,20.00,615.00,"12,300.00",2024-04-09
1457,HRL,2024040905002472,49,22,10.00,615.00,"6,150.00",2024-04-09
1458,HRL,2024040905002473,49,32,20.00,615.00,"12,300.00",2024-04-09
1459,HRL,2024040905002474,49,58,20.00,615.00,"12,300.00",2024-04-09
1460,HRL,2024040905002475,49,49,10.00,615.00,"6,150.00",2024-04-09
1461,HRL,2024040905002476,49,4,20.00,615.00,"12,300.00",2024-04-09
1462,HRL,2024040905002477,49,57,10.00,615.00,"6,150.00",2024-04-09
1463,HRL,2024040905002478,49,35,10.00,615.00,"6,150.00",2024-04-09
1464,HRL,2024040905002479,49,6,10.00,615.00,"6,150.00",2024-04-09
1465,HRL,2024040905002480,49,45,40.00,615.00,"24,600.00",2024-04-09
1466,HRL,2024040905002481,49,22,20.00,615.00,"12,300.00",2024-04-09
1467,HRL,2024040905002482,49,42,10.00,615.00,"6,150.00",2024-04-09
1468,HRL,2024040905002483,49,25,10.00,615.00,"6,150.00",2024-04-09
1469,HRL,2024040905002484,49,58,30.00,615.00,"18,450.00",2024-04-09
1470,HRL,2024040905002485,49,59,100.00,615.00,"61,500.00",2024-04-09
1471,HRL,2024040905002486,49,6,30.00,615.00,"18,450.00",2024-04-09
1472,HRL,2024040905002487,49,32,"1,000.00",615.00,"615,000.00",2024-04-09
1473,HRL,2024040905002488,49,36,10.00,615.00,"6,150.00",2024-04-09
1474,HRL,2024040905002489,49,38,100.00,615.00,"61,500.00",2024-04-09
1475,HRL,2024040905002490,49,55,10.00,615.00,"6,150.00",2024-04-09
1476,HRL,2024040905002491,49,42,20.00,615.00,"12,300.00",2024-04-09
1477,HRL,2024040905002492,49,41,10.00,615.00,"6,150.00",2024-04-09
1478,HRL,2024040905002493,49,44,10.00,615.00,"6,150.00",2024-04-09
1479,HRL,2024040905002494,49,4,10.00,615.00,"6,150.00",2024-04-09
1480,HRL,2024040905002495,49,57,10.00,615.00,"6,150.00",2024-04-09
1481,HRL,2024040905002496,49,58,20.00,615.00,"12,300.00",2024-04-09
1482,HRL,2024040905002497,49,49,10.00,615.00,"6,150.00",2024-04-09
1483,HRL,2024040905002498,49,58,10.00,615.00,"6,150.00",2024-04-09
1484,HRL,2024040905002499,49,58,20.00,615.00,"12,300.00",2024-04-09
1485,HRL,2024040905002500,49,5,20.00,615.00,"12,300.00",2024-04-09
1486,HRL,2024040905002501,49,16,20.00,615.00,"12,300.00",2024-04-09
1487,HRL,2024040905002502,49,33,10.00,615.00,"6,150.00",2024-04-09
1488,HRL,2024040905002503,49,4,50.00,615.00,"30,750.00",2024-04-09
1489,HRL,2024040905002504,49,22,10.00,615.00,"6,150.00",2024-04-09
1490,HRL,2024040905002505,49,21,10.00,615.00,"6,150.00",2024-04-09
1491,HRL,2024040905002506,49,59,10.00,615.00,"6,150.00",2024-04-09
1492,HRL,2024040905002507,49,48,20.00,615.00,"12,300.00",2024-04-09
1493,HRL,2024040905002508,49,57,10.00,615.00,"6,150.00",2024-04-09
1494,HRL,2024040905002509,49,56,10.00,615.00,"6,150.00",2024-04-09
1495,HRL,2024040905002510,49,56,10.00,615.00,"6,150.00",2024-04-09
1496,HRL,2024040905002511,49,16,20.00,615.00,"12,300.00",2024-04-09
