SN,Symbol,Transaction No.,Buyer Broker,Seller Broker,Share Quantity,Rate(Rs),Amount(Rs),Traded Date
1,HRL,2024022605000002,80,35,10.00,604.90,"6,049.00",2024-02-26
2,HRL,2024022605000004,80,6,10.00,604.90,"6,049.00",2024-02-26
3,HRL,2024022605000005,49,38,10.00,605.00,"6,050.00",2024-02-26
4,HRL,2024022605000006,49,42,30.00,605.00,"18,150.00",2024-02-26
5,HRL,2024022605000007,49,17,10.00,605.00,"6,050.00",2024-02-26
6,HRL,2024022605000009,80,21,20.00,604.90,"12,098.00",2024-02-26
7,HRL,2024022605000010,76,35,10.00,605.00,"6,050.00",2024-02-26
8,HRL,2024022605000011,76,47,10.00,607.00,"6,070.00",2024-02-26
9,HRL,2024022605000012,76,38,20.00,607.00,"12,140.00",2024-02-26
10,HRL,2024022605000013,76,58,10.00,607.00,"6,070.00",2024-02-26
11,HRL,2024022605000014,76,83,10.00,607.60,"6,076.00",2024-02-26
12,HRL,2024022605000015,80,11,10.00,604.90,"6,049.00",2024-02-26
13,HRL,2024022605000017,7,83,10.00,607.60,"6,076.00",2024-02-26
14,HRL,2024022605000018,76,35,20.00,610.00,"12,200.00",2024-02-26
15,HRL,2024022605000019,37,38,10.00,605.00,"6,050.00",2024-02-26
16,HRL,2024022605000024,76,35,10.00,610.00,"6,100.00",2024-02-26
17,HRL,2024022605000025,6,25,10.00,606.00,"6,060.00",2024-02-26
18,HRL,2024022605000027,37,55,10.00,605.20,"6,052.00",2024-02-26
19,HRL,2024022605000029,37,66,10.00,605.20,"6,052.00",2024-02-26
20,HRL,2024022605000030,37,36,10.00,605.20,"6,052.00",2024-02-26
21,HRL,2024022605000033,13,58,10.00,605.30,"6,053.00",2024-02-26
22,HRL,2024022605000034,35,34,10.00,606.00,"6,060.00",2024-02-26
23,HRL,2024022605000035,35,55,10.00,606.00,"6,060.00",2024-02-26
24,HRL,2024022605000036,35,49,4.00,615.00,"2,460.00",2024-02-26
25,HRL,2024022605000037,35,57,10.00,606.00,"6,060.00",2024-02-26
26,HRL,2024022605000038,35,42,10.00,606.00,"6,060.00",2024-02-26
27,HRL,2024022605000039,35,50,10.00,606.00,"6,060.00",2024-02-26
28,HRL,2024022605000040,35,58,20.00,606.00,"12,120.00",2024-02-26
29,HRL,2024022605000041,76,35,10.00,609.00,"6,090.00",2024-02-26
30,HRL,2024022605000042,35,58,40.00,606.00,"24,240.00",2024-02-26
31,HRL,2024022605000043,35,58,10.00,606.00,"6,060.00",2024-02-26
32,HRL,2024022605000045,35,35,10.00,606.00,"6,060.00",2024-02-26
33,HRL,2024022605000046,35,77,20.00,606.00,"12,120.00",2024-02-26
34,HRL,2024022605000047,48,77,10.00,606.00,"6,060.00",2024-02-26
35,HRL,2024022605000048,76,35,10.00,609.00,"6,090.00",2024-02-26
36,HRL,2024022605000052,40,58,20.00,606.10,"12,122.00",2024-02-26
37,HRL,2024022605000053,40,36,20.00,606.10,"12,122.00",2024-02-26
38,HRL,2024022605000054,40,66,10.00,606.10,"6,061.00",2024-02-26
39,HRL,2024022605000055,48,56,10.00,606.00,"6,060.00",2024-02-26
40,HRL,2024022605000056,76,35,10.00,609.00,"6,090.00",2024-02-26
41,HRL,2024022605000057,48,45,10.00,606.00,"6,060.00",2024-02-26
42,HRL,2024022605000058,48,17,10.00,606.00,"6,060.00",2024-02-26
43,HRL,2024022605000059,48,58,10.00,606.00,"6,060.00",2024-02-26
44,HRL,2024022605000060,70,47,30.00,606.00,"18,180.00",2024-02-26
45,HRL,2024022605000061,29,47,70.00,605.40,"42,378.00",2024-02-26
46,HRL,2024022605000065,29,36,20.00,605.40,"12,108.00",2024-02-26
47,HRL,2024022605000066,29,91,10.00,605.40,"6,054.00",2024-02-26
48,HRL,2024022605000067,76,34,10.00,608.90,"6,089.00",2024-02-26
49,HRL,2024022605000068,6,58,10.00,605.40,"6,054.00",2024-02-26
50,HRL,2024022605000069,6,49,10.00,605.40,"6,054.00",2024-02-26
51,HRL,2024022605000071,6,36,20.00,605.40,"12,108.00",2024-02-26
52,HRL,2024022605000072,6,46,10.00,605.40,"6,054.00",2024-02-26
53,HRL,2024022605000073,43,46,20.00,605.40,"12,108.00",2024-02-26
54,HRL,2024022605000075,13,28,20.00,605.30,"12,106.00",2024-02-26
55,HRL,2024022605000076,13,41,20.00,605.30,"12,106.00",2024-02-26
56,HRL,2024022605000077,76,22,20.00,605.40,"12,108.00",2024-02-26
57,HRL,2024022605000078,76,34,10.00,608.90,"6,089.00",2024-02-26
58,HRL,2024022605000083,13,50,10.00,605.30,"6,053.00",2024-02-26
59,HRL,2024022605000084,13,28,10.00,605.30,"6,053.00",2024-02-26
60,HRL,2024022605000085,13,25,20.00,605.30,"12,106.00",2024-02-26
61,HRL,2024022605000086,13,42,10.00,605.30,"6,053.00",2024-02-26
62,HRL,2024022605000087,21,42,10.00,605.30,"6,053.00",2024-02-26
63,HRL,2024022605000090,76,34,10.00,608.90,"6,089.00",2024-02-26
64,HRL,2024022605000091,76,35,10.00,609.00,"6,090.00",2024-02-26
65,HRL,2024022605000099,21,57,10.00,605.30,"6,053.00",2024-02-26
66,HRL,2024022605000102,76,35,10.00,609.00,"6,090.00",2024-02-26
67,HRL,2024022605000103,21,58,30.00,605.30,"18,159.00",2024-02-26
68,HRL,2024022605000104,76,46,10.00,608.00,"6,080.00",2024-02-26
69,HRL,2024022605000105,18,46,10.00,608.00,"6,080.00",2024-02-26
70,HRL,2024022605000106,18,35,50.00,609.00,"30,450.00",2024-02-26
71,HRL,2024022605000107,18,34,140.00,609.00,"85,260.00",2024-02-26
72,HRL,2024022605000108,37,57,10.00,605.20,"6,052.00",2024-02-26
73,HRL,2024022605000109,76,34,10.00,609.00,"6,090.00",2024-02-26
74,HRL,2024022605000115,25,42,20.00,605.30,"12,106.00",2024-02-26
75,HRL,2024022605000116,25,32,10.00,605.30,"6,053.00",2024-02-26
76,HRL,2024022605000117,25,38,20.00,605.30,"12,106.00",2024-02-26
77,HRL,2024022605000118,25,49,10.00,605.30,"6,053.00",2024-02-26
78,HRL,2024022605000119,25,55,30.00,605.30,"18,159.00",2024-02-26
79,HRL,2024022605000120,76,1,10.00,606.00,"6,060.00",2024-02-26
80,HRL,2024022605000121,25,34,20.00,605.30,"12,106.00",2024-02-26
81,HRL,2024022605000122,25,55,20.00,605.30,"12,106.00",2024-02-26
82,HRL,2024022605000127,25,39,20.00,605.30,"12,106.00",2024-02-26
83,HRL,2024022605000128,25,58,10.00,605.30,"6,053.00",2024-02-26
84,HRL,2024022605000129,25,14,10.00,605.30,"6,053.00",2024-02-26
85,HRL,2024022605000131,25,1,10.00,605.30,"6,053.00",2024-02-26
86,HRL,2024022605000132,25,53,10.00,605.30,"6,053.00",2024-02-26
87,HRL,2024022605000133,25,38,10.00,605.30,"6,053.00",2024-02-26
88,HRL,2024022605000134,28,8,10.00,605.40,"6,054.00",2024-02-26
89,HRL,2024022605000135,7,25,10.00,606.00,"6,060.00",2024-02-26
90,HRL,2024022605000136,28,55,10.00,605.40,"6,054.00",2024-02-26
91,HRL,2024022605000137,61,25,90.00,606.00,"54,540.00",2024-02-26
92,HRL,2024022605000138,61,4,10.00,606.00,"6,060.00",2024-02-26
93,HRL,2024022605000139,61,49,10.00,606.00,"6,060.00",2024-02-26
94,HRL,2024022605000140,61,58,20.00,606.00,"12,120.00",2024-02-26
95,HRL,2024022605000141,61,58,10.00,606.00,"6,060.00",2024-02-26
96,HRL,2024022605000142,61,42,10.00,606.00,"6,060.00",2024-02-26
97,HRL,2024022605000143,61,19,20.00,606.00,"12,120.00",2024-02-26
98,HRL,2024022605000144,61,38,10.00,606.00,"6,060.00",2024-02-26
99,HRL,2024022605000145,61,34,10.00,606.00,"6,060.00",2024-02-26
100,HRL,2024022605000146,61,48,10.00,606.00,"6,060.00",2024-02-26
101,HRL,2024022605000147,61,59,30.00,606.00,"18,180.00",2024-02-26
102,HRL,2024022605000155,61,58,10.00,606.00,"6,060.00",2024-02-26
103,HRL,2024022605000156,44,49,10.00,606.10,"6,061.00",2024-02-26
104,HRL,2024022605000162,61,57,10.00,607.00,"6,070.00",2024-02-26
105,HRL,2024022605000163,61,35,170.00,607.00,"103,190.00",2024-02-26
106,HRL,2024022605000164,61,45,20.00,607.00,"12,140.00",2024-02-26
107,HRL,2024022605000165,44,36,20.00,606.10,"12,122.00",2024-02-26
108,HRL,2024022605000168,1,45,10.00,608.00,"6,080.00",2024-02-26
109,HRL,2024022605000169,58,18,10.00,607.00,"6,070.00",2024-02-26
110,HRL,2024022605000173,26,45,10.00,608.00,"6,080.00",2024-02-26
111,HRL,2024022605000174,26,18,10.00,608.00,"6,080.00",2024-02-26
112,HRL,2024022605000175,58,6,10.00,607.00,"6,070.00",2024-02-26
113,HRL,2024022605000177,76,36,10.00,608.00,"6,080.00",2024-02-26
114,HRL,2024022605000178,49,36,10.00,607.00,"6,070.00",2024-02-26
115,HRL,2024022605000180,49,19,10.00,607.00,"6,070.00",2024-02-26
116,HRL,2024022605000181,49,42,20.00,607.00,"12,140.00",2024-02-26
117,HRL,2024022605000182,49,16,10.00,607.00,"6,070.00",2024-02-26
118,HRL,2024022605000183,49,58,10.00,607.00,"6,070.00",2024-02-26
119,HRL,2024022605000184,76,6,10.00,607.00,"6,070.00",2024-02-26
120,HRL,2024022605000186,57,6,10.00,607.00,"6,070.00",2024-02-26
121,HRL,2024022605000187,57,18,10.00,607.00,"6,070.00",2024-02-26
122,HRL,2024022605000188,44,38,10.00,606.10,"6,061.00",2024-02-26
123,HRL,2024022605000189,29,52,30.00,606.20,"18,186.00",2024-02-26
124,HRL,2024022605000192,1,49,10.00,606.30,"6,063.00",2024-02-26
125,HRL,2024022605000193,1,46,20.00,606.30,"12,126.00",2024-02-26
126,HRL,2024022605000194,1,49,10.00,606.30,"6,063.00",2024-02-26
127,HRL,2024022605000195,45,18,20.00,607.00,"12,140.00",2024-02-26
128,HRL,2024022605000196,45,25,10.00,607.00,"6,070.00",2024-02-26
129,HRL,2024022605000197,45,58,10.00,607.00,"6,070.00",2024-02-26
130,HRL,2024022605000198,45,51,20.00,607.00,"12,140.00",2024-02-26
131,HRL,2024022605000199,76,46,10.00,608.00,"6,080.00",2024-02-26
132,HRL,2024022605000200,45,54,20.00,607.00,"12,140.00",2024-02-26
133,HRL,2024022605000201,61,46,10.00,608.00,"6,080.00",2024-02-26
134,HRL,2024022605000202,61,57,20.00,608.00,"12,160.00",2024-02-26
135,HRL,2024022605000203,61,56,20.00,608.90,"12,178.00",2024-02-26
136,HRL,2024022605000204,61,49,20.00,608.90,"12,178.00",2024-02-26
137,HRL,2024022605000205,61,34,10.00,609.00,"6,090.00",2024-02-26
138,HRL,2024022605000206,61,13,10.00,609.00,"6,090.00",2024-02-26
139,HRL,2024022605000207,61,58,10.00,609.00,"6,090.00",2024-02-26
140,HRL,2024022605000208,61,18,67.00,609.00,"40,803.00",2024-02-26
141,HRL,2024022605000209,61,58,10.00,609.00,"6,090.00",2024-02-26
142,HRL,2024022605000210,61,14,10.00,610.00,"6,100.00",2024-02-26
143,HRL,2024022605000211,61,35,20.00,610.00,"12,200.00",2024-02-26
144,HRL,2024022605000212,61,22,10.00,610.00,"6,100.00",2024-02-26
145,HRL,2024022605000213,61,7,10.00,610.00,"6,100.00",2024-02-26
146,HRL,2024022605000214,61,47,10.00,610.00,"6,100.00",2024-02-26
147,HRL,2024022605000215,61,17,10.00,610.00,"6,100.00",2024-02-26
148,HRL,2024022605000216,61,17,10.00,610.00,"6,100.00",2024-02-26
149,HRL,2024022605000217,61,49,10.00,610.00,"6,100.00",2024-02-26
150,HRL,2024022605000218,61,58,30.00,610.00,"18,300.00",2024-02-26
151,HRL,2024022605000219,61,38,20.00,610.00,"12,200.00",2024-02-26
152,HRL,2024022605000220,61,45,10.00,610.00,"6,100.00",2024-02-26
153,HRL,2024022605000221,61,45,10.00,610.00,"6,100.00",2024-02-26
154,HRL,2024022605000222,61,47,10.00,610.00,"6,100.00",2024-02-26
155,HRL,2024022605000223,61,29,10.00,610.00,"6,100.00",2024-02-26
156,HRL,2024022605000224,61,17,10.00,610.00,"6,100.00",2024-02-26
157,HRL,2024022605000225,61,14,10.00,610.00,"6,100.00",2024-02-26
158,HRL,2024022605000226,61,48,20.00,610.00,"12,200.00",2024-02-26
159,HRL,2024022605000227,61,58,20.00,610.00,"12,200.00",2024-02-26
160,HRL,2024022605000228,61,18,10.00,610.00,"6,100.00",2024-02-26
161,HRL,2024022605000229,61,56,30.00,610.00,"18,300.00",2024-02-26
162,HRL,2024022605000230,61,19,10.00,610.00,"6,100.00",2024-02-26
163,HRL,2024022605000231,61,21,10.00,610.00,"6,100.00",2024-02-26
164,HRL,2024022605000232,61,19,77.00,610.00,"46,970.00",2024-02-26
165,HRL,2024022605000233,61,49,20.00,610.00,"12,200.00",2024-02-26
166,HRL,2024022605000234,61,38,20.00,610.00,"12,200.00",2024-02-26
167,HRL,2024022605000235,61,29,10.00,610.00,"6,100.00",2024-02-26
168,HRL,2024022605000236,61,16,30.00,610.00,"18,300.00",2024-02-26
169,HRL,2024022605000237,61,49,10.00,610.00,"6,100.00",2024-02-26
170,HRL,2024022605000238,61,58,56.00,610.00,"34,160.00",2024-02-26
171,HRL,2024022605000239,54,58,10.00,608.00,"6,080.00",2024-02-26
172,HRL,2024022605000245,46,58,7.00,597.00,"4,179.00",2024-02-26
173,HRL,2024022605000252,28,45,200.00,609.00,"121,800.00",2024-02-26
174,HRL,2024022605000256,28,49,10.00,609.00,"6,090.00",2024-02-26
175,HRL,2024022605000259,28,8,40.00,609.00,"24,360.00",2024-02-26
176,HRL,2024022605000260,28,25,10.00,609.00,"6,090.00",2024-02-26
177,HRL,2024022605000261,28,18,20.00,609.00,"12,180.00",2024-02-26
178,HRL,2024022605000262,28,35,10.00,609.00,"6,090.00",2024-02-26
179,HRL,2024022605000263,76,35,10.00,610.00,"6,100.00",2024-02-26
180,HRL,2024022605000264,28,50,10.00,609.00,"6,090.00",2024-02-26
181,HRL,2024022605000265,28,35,10.00,609.00,"6,090.00",2024-02-26
182,HRL,2024022605000266,3,59,20.00,610.00,"12,200.00",2024-02-26
183,HRL,2024022605000267,3,91,20.00,610.00,"12,200.00",2024-02-26
184,HRL,2024022605000268,3,91,10.00,610.00,"6,100.00",2024-02-26
185,HRL,2024022605000269,3,38,10.00,610.00,"6,100.00",2024-02-26
186,HRL,2024022605000270,28,50,20.00,609.00,"12,180.00",2024-02-26
187,HRL,2024022605000271,76,91,20.00,610.00,"12,200.00",2024-02-26
188,HRL,2024022605000272,76,28,30.00,610.00,"18,300.00",2024-02-26
189,HRL,2024022605000273,76,19,10.00,610.50,"6,105.00",2024-02-26
190,HRL,2024022605000274,76,14,10.00,611.00,"6,110.00",2024-02-26
191,HRL,2024022605000275,76,58,10.00,611.00,"6,110.00",2024-02-26
192,HRL,2024022605000276,76,49,20.00,612.00,"12,240.00",2024-02-26
193,HRL,2024022605000277,76,49,10.00,612.00,"6,120.00",2024-02-26
194,HRL,2024022605000278,76,58,10.00,614.00,"6,140.00",2024-02-26
195,HRL,2024022605000279,76,57,10.00,614.00,"6,140.00",2024-02-26
196,HRL,2024022605000282,49,91,10.00,610.00,"6,100.00",2024-02-26
197,HRL,2024022605000283,49,35,20.00,610.00,"12,200.00",2024-02-26
198,HRL,2024022605000286,49,48,20.00,610.00,"12,200.00",2024-02-26
199,HRL,2024022605000287,76,58,10.00,611.00,"6,110.00",2024-02-26
200,HRL,2024022605000288,76,57,10.00,614.00,"6,140.00",2024-02-26
201,HRL,2024022605000289,76,14,10.00,615.00,"6,150.00",2024-02-26
202,HRL,2024022605000291,61,18,10.00,611.00,"6,110.00",2024-02-26
203,HRL,2024022605000302,57,18,10.00,611.00,"6,110.00",2024-02-26
204,HRL,2024022605000306,57,29,10.00,611.00,"6,110.00",2024-02-26
205,HRL,2024022605000307,57,29,20.00,611.00,"12,220.00",2024-02-26
206,HRL,2024022605000308,7,52,10.00,614.00,"6,140.00",2024-02-26
207,HRL,2024022605000309,8,11,10.00,611.10,"6,111.00",2024-02-26
208,HRL,2024022605000310,8,58,10.00,611.10,"6,111.00",2024-02-26
209,HRL,2024022605000311,57,29,10.00,611.00,"6,110.00",2024-02-26
210,HRL,2024022605000312,54,29,10.00,611.00,"6,110.00",2024-02-26
211,HRL,2024022605000315,54,33,10.00,611.00,"6,110.00",2024-02-26
212,HRL,2024022605000317,76,49,10.00,612.00,"6,120.00",2024-02-26
213,HRL,2024022605000318,76,52,10.00,614.00,"6,140.00",2024-02-26
214,HRL,2024022605000321,76,42,10.00,612.00,"6,120.00",2024-02-26
215,HRL,2024022605000323,54,36,20.00,611.00,"12,220.00",2024-02-26
216,HRL,2024022605000324,34,36,10.00,611.00,"6,110.00",2024-02-26
217,HRL,2024022605000325,76,42,20.00,612.00,"12,240.00",2024-02-26
218,HRL,2024022605000326,76,51,10.00,614.70,"6,147.00",2024-02-26
219,HRL,2024022605000336,42,4,10.00,611.00,"6,110.00",2024-02-26
220,HRL,2024022605000337,8,4,10.00,610.10,"6,101.00",2024-02-26
221,HRL,2024022605000339,8,29,20.00,610.10,"12,202.00",2024-02-26
222,HRL,2024022605000340,45,58,10.00,611.00,"6,110.00",2024-02-26
223,HRL,2024022605000341,45,4,20.00,611.00,"12,220.00",2024-02-26
224,HRL,2024022605000342,45,58,20.00,611.00,"12,220.00",2024-02-26
225,HRL,2024022605000350,34,36,20.00,610.20,"12,204.00",2024-02-26
226,HRL,2024022605000351,34,29,20.00,610.20,"12,204.00",2024-02-26
227,HRL,2024022605000352,34,58,10.00,610.20,"6,102.00",2024-02-26
228,HRL,2024022605000354,34,26,350.00,610.20,"213,570.00",2024-02-26
229,HRL,2024022605000355,8,26,50.00,610.10,"30,505.00",2024-02-26
230,HRL,2024022605000356,8,49,10.00,610.10,"6,101.00",2024-02-26
231,HRL,2024022605000357,8,6,20.00,610.10,"12,202.00",2024-02-26
232,HRL,2024022605000358,8,35,10.00,610.10,"6,101.00",2024-02-26
233,HRL,2024022605000359,8,53,10.00,610.10,"6,101.00",2024-02-26
234,HRL,2024022605000360,8,21,20.00,610.10,"12,202.00",2024-02-26
235,HRL,2024022605000363,8,35,10.00,610.10,"6,101.00",2024-02-26
236,HRL,2024022605000371,76,58,30.00,610.50,"18,315.00",2024-02-26
237,HRL,2024022605000372,76,57,20.00,611.00,"12,220.00",2024-02-26
238,HRL,2024022605000373,76,59,10.00,612.00,"6,120.00",2024-02-26
239,HRL,2024022605000374,76,57,10.00,612.00,"6,120.00",2024-02-26
240,HRL,2024022605000375,76,41,10.00,612.00,"6,120.00",2024-02-26
241,HRL,2024022605000376,76,49,20.00,614.00,"12,280.00",2024-02-26
242,HRL,2024022605000377,76,77,30.00,614.00,"18,420.00",2024-02-26
243,HRL,2024022605000378,76,49,10.00,614.00,"6,140.00",2024-02-26
244,HRL,2024022605000379,76,35,10.00,614.70,"6,147.00",2024-02-26
245,HRL,2024022605000383,3,3,20.00,610.20,"12,204.00",2024-02-26
246,HRL,2024022605000384,3,35,10.00,610.20,"6,102.00",2024-02-26
247,HRL,2024022605000385,3,6,20.00,610.20,"12,204.00",2024-02-26
248,HRL,2024022605000387,8,3,20.00,610.10,"12,202.00",2024-02-26
249,HRL,2024022605000390,76,58,10.00,611.00,"6,110.00",2024-02-26
250,HRL,2024022605000391,76,35,10.00,614.00,"6,140.00",2024-02-26
251,HRL,2024022605000394,8,36,30.00,610.10,"18,303.00",2024-02-26
252,HRL,2024022605000398,76,42,40.00,613.00,"24,520.00",2024-02-26
253,HRL,2024022605000399,76,21,20.00,613.00,"12,260.00",2024-02-26
254,HRL,2024022605000401,76,33,20.00,613.00,"12,260.00",2024-02-26
255,HRL,2024022605000402,76,13,10.00,613.00,"6,130.00",2024-02-26
256,HRL,2024022605000403,76,35,10.00,614.00,"6,140.00",2024-02-26
257,HRL,2024022605000406,76,35,10.00,614.00,"6,140.00",2024-02-26
258,HRL,2024022605000407,76,58,10.00,614.00,"6,140.00",2024-02-26
259,HRL,2024022605000408,76,25,10.00,614.00,"6,140.00",2024-02-26
260,HRL,2024022605000409,76,25,10.00,614.00,"6,140.00",2024-02-26
261,HRL,2024022605000410,76,41,20.00,614.90,"12,298.00",2024-02-26
262,HRL,2024022605000411,76,46,30.00,613.00,"18,390.00",2024-02-26
263,HRL,2024022605000412,49,6,20.00,613.00,"12,260.00",2024-02-26
264,HRL,2024022605000413,52,32,20.00,614.00,"12,280.00",2024-02-26
265,HRL,2024022605000417,52,3,30.00,614.00,"18,420.00",2024-02-26
266,HRL,2024022605000418,49,3,50.00,613.00,"30,650.00",2024-02-26
267,HRL,2024022605000421,1,19,10.00,614.00,"6,140.00",2024-02-26
268,HRL,2024022605000422,1,34,10.00,614.00,"6,140.00",2024-02-26
269,HRL,2024022605000423,76,3,10.00,614.80,"6,148.00",2024-02-26
270,HRL,2024022605000424,1,36,20.00,614.00,"12,280.00",2024-02-26
271,HRL,2024022605000426,1,49,10.00,614.00,"6,140.00",2024-02-26
272,HRL,2024022605000427,1,34,95.00,614.00,"58,330.00",2024-02-26
273,HRL,2024022605000428,1,46,20.00,614.00,"12,280.00",2024-02-26
274,HRL,2024022605000429,1,8,30.00,614.00,"18,420.00",2024-02-26
275,HRL,2024022605000434,76,3,10.00,614.80,"6,148.00",2024-02-26
276,HRL,2024022605000435,44,8,30.00,614.00,"18,420.00",2024-02-26
277,HRL,2024022605000436,44,52,20.00,614.00,"12,280.00",2024-02-26
278,HRL,2024022605000437,50,3,280.00,614.80,"172,144.00",2024-02-26
279,HRL,2024022605000438,50,34,100.00,614.80,"61,480.00",2024-02-26
280,HRL,2024022605000439,50,25,30.00,614.80,"18,444.00",2024-02-26
281,HRL,2024022605000440,50,41,180.00,614.90,"110,682.00",2024-02-26
282,HRL,2024022605000441,50,26,200.00,614.90,"122,980.00",2024-02-26
283,HRL,2024022605000442,50,14,90.00,615.00,"55,350.00",2024-02-26
284,HRL,2024022605000443,50,62,30.00,615.00,"18,450.00",2024-02-26
285,HRL,2024022605000444,50,51,10.00,615.00,"6,150.00",2024-02-26
286,HRL,2024022605000445,50,58,10.00,615.00,"6,150.00",2024-02-26
287,HRL,2024022605000446,50,38,10.00,615.00,"6,150.00",2024-02-26
288,HRL,2024022605000447,50,58,100.00,615.00,"61,500.00",2024-02-26
289,HRL,2024022605000448,50,21,50.00,615.00,"30,750.00",2024-02-26
290,HRL,2024022605000449,50,17,910.00,615.00,"559,650.00",2024-02-26
291,HRL,2024022605000451,56,17,200.00,615.00,"123,000.00",2024-02-26
292,HRL,2024022605000452,49,6,20.00,613.00,"12,260.00",2024-02-26
293,HRL,2024022605000453,49,8,10.00,613.00,"6,130.00",2024-02-26
294,HRL,2024022605000454,59,8,20.00,613.00,"12,260.00",2024-02-26
295,HRL,2024022605000456,86,17,390.00,615.00,"239,850.00",2024-02-26
296,HRL,2024022605000457,86,14,10.00,615.00,"6,150.00",2024-02-26
297,HRL,2024022605000458,86,67,10.00,615.00,"6,150.00",2024-02-26
298,HRL,2024022605000459,86,67,10.00,615.00,"6,150.00",2024-02-26
299,HRL,2024022605000460,86,58,10.00,615.00,"6,150.00",2024-02-26
300,HRL,2024022605000461,86,35,20.00,615.00,"12,300.00",2024-02-26
301,HRL,2024022605000462,86,45,10.00,615.00,"6,150.00",2024-02-26
302,HRL,2024022605000463,86,80,10.00,615.00,"6,150.00",2024-02-26
303,HRL,2024022605000464,86,58,20.00,615.00,"12,300.00",2024-02-26
304,HRL,2024022605000465,86,58,10.00,615.00,"6,150.00",2024-02-26
305,HRL,2024022605000466,76,58,10.00,615.00,"6,150.00",2024-02-26
306,HRL,2024022605000469,59,8,10.00,613.00,"6,130.00",2024-02-26
307,HRL,2024022605000471,59,8,18.00,613.00,"11,034.00",2024-02-26
308,HRL,2024022605000472,29,8,12.00,612.00,"7,344.00",2024-02-26
309,HRL,2024022605000475,29,8,30.00,612.00,"18,360.00",2024-02-26
310,HRL,2024022605000477,45,52,10.00,612.00,"6,120.00",2024-02-26
311,HRL,2024022605000483,45,35,10.00,612.00,"6,120.00",2024-02-26
312,HRL,2024022605000484,45,42,10.00,612.00,"6,120.00",2024-02-26
313,HRL,2024022605000489,3,35,10.00,612.10,"6,121.00",2024-02-26
314,HRL,2024022605000490,3,58,10.00,612.10,"6,121.00",2024-02-26
315,HRL,2024022605000491,45,58,10.00,612.00,"6,120.00",2024-02-26
316,HRL,2024022605000493,45,58,10.00,612.00,"6,120.00",2024-02-26
317,HRL,2024022605000496,45,28,20.00,612.00,"12,240.00",2024-02-26
318,HRL,2024022605000507,40,35,10.00,612.10,"6,121.00",2024-02-26
319,HRL,2024022605000509,45,54,10.00,612.00,"6,120.00",2024-02-26
320,HRL,2024022605000510,45,35,10.00,612.00,"6,120.00",2024-02-26
321,HRL,2024022605000511,45,7,10.00,612.00,"6,120.00",2024-02-26
322,HRL,2024022605000513,45,25,20.00,612.00,"12,240.00",2024-02-26
323,HRL,2024022605000514,45,38,10.00,612.00,"6,120.00",2024-02-26
324,HRL,2024022605000515,45,35,20.00,612.00,"12,240.00",2024-02-26
325,HRL,2024022605000516,45,58,10.00,612.00,"6,120.00",2024-02-26
326,HRL,2024022605000518,45,58,20.00,612.00,"12,240.00",2024-02-26
327,HRL,2024022605000519,45,42,20.00,612.00,"12,240.00",2024-02-26
328,HRL,2024022605000521,45,40,20.00,612.00,"12,240.00",2024-02-26
329,HRL,2024022605000522,59,40,10.00,612.00,"6,120.00",2024-02-26
330,HRL,2024022605000523,59,4,10.00,612.00,"6,120.00",2024-02-26
331,HRL,2024022605000525,52,58,10.00,612.10,"6,121.00",2024-02-26
332,HRL,2024022605000531,52,45,10.00,613.00,"6,130.00",2024-02-26
333,HRL,2024022605000532,52,36,10.00,613.00,"6,130.00",2024-02-26
334,HRL,2024022605000537,52,17,10.00,613.00,"6,130.00",2024-02-26
335,HRL,2024022605000538,76,22,10.00,614.00,"6,140.00",2024-02-26
336,HRL,2024022605000539,52,57,10.00,613.00,"6,130.00",2024-02-26
337,HRL,2024022605000542,28,55,10.00,613.00,"6,130.00",2024-02-26
338,HRL,2024022605000543,28,6,10.00,613.00,"6,130.00",2024-02-26
339,HRL,2024022605000544,59,6,10.00,612.00,"6,120.00",2024-02-26
340,HRL,2024022605000546,76,22,10.00,614.00,"6,140.00",2024-02-26
341,HRL,2024022605000551,1,58,10.00,613.00,"6,130.00",2024-02-26
342,HRL,2024022605000553,1,28,20.00,613.00,"12,260.00",2024-02-26
343,HRL,2024022605000555,1,35,10.00,613.00,"6,130.00",2024-02-26
344,HRL,2024022605000561,1,58,15.00,613.00,"9,195.00",2024-02-26
345,HRL,2024022605000562,59,58,15.00,612.00,"9,180.00",2024-02-26
346,HRL,2024022605000565,42,35,10.00,612.00,"6,120.00",2024-02-26
347,HRL,2024022605000566,39,35,10.00,612.00,"6,120.00",2024-02-26
348,HRL,2024022605000567,39,51,40.00,612.00,"24,480.00",2024-02-26
349,HRL,2024022605000568,39,56,10.00,612.00,"6,120.00",2024-02-26
350,HRL,2024022605000572,39,58,10.00,612.00,"6,120.00",2024-02-26
351,HRL,2024022605000573,39,58,10.00,612.00,"6,120.00",2024-02-26
352,HRL,2024022605000578,35,58,10.00,612.10,"6,121.00",2024-02-26
353,HRL,2024022605000580,35,49,10.00,612.10,"6,121.00",2024-02-26
354,HRL,2024022605000582,35,19,10.00,612.10,"6,121.00",2024-02-26
355,HRL,2024022605000584,17,45,20.00,613.00,"12,260.00",2024-02-26
356,HRL,2024022605000585,39,53,10.00,612.00,"6,120.00",2024-02-26
357,HRL,2024022605000587,53,35,10.00,612.10,"6,121.00",2024-02-26
358,HRL,2024022605000588,53,56,10.00,613.00,"6,130.00",2024-02-26
359,HRL,2024022605000589,53,19,20.00,613.00,"12,260.00",2024-02-26
360,HRL,2024022605000591,53,35,20.00,613.00,"12,260.00",2024-02-26
361,HRL,2024022605000593,53,25,20.00,613.00,"12,260.00",2024-02-26
362,HRL,2024022605000595,53,1,10.00,613.00,"6,130.00",2024-02-26
363,HRL,2024022605000596,76,25,10.00,613.50,"6,135.00",2024-02-26
364,HRL,2024022605000597,76,22,10.00,614.00,"6,140.00",2024-02-26
365,HRL,2024022605000598,53,38,10.00,613.00,"6,130.00",2024-02-26
366,HRL,2024022605000599,53,6,20.00,613.00,"12,260.00",2024-02-26
367,HRL,2024022605000600,53,57,10.00,613.00,"6,130.00",2024-02-26
368,HRL,2024022605000601,53,42,150.00,613.00,"91,950.00",2024-02-26
369,HRL,2024022605000602,53,35,10.00,613.00,"6,130.00",2024-02-26
370,HRL,2024022605000607,83,38,10.00,613.40,"6,134.00",2024-02-26
371,HRL,2024022605000608,83,22,10.00,614.00,"6,140.00",2024-02-26
372,HRL,2024022605000609,83,19,10.00,614.00,"6,140.00",2024-02-26
373,HRL,2024022605000610,83,41,10.00,614.00,"6,140.00",2024-02-26
374,HRL,2024022605000611,83,55,10.00,614.00,"6,140.00",2024-02-26
375,HRL,2024022605000612,83,58,10.00,614.00,"6,140.00",2024-02-26
376,HRL,2024022605000613,83,14,10.00,614.00,"6,140.00",2024-02-26
377,HRL,2024022605000614,83,58,10.00,614.00,"6,140.00",2024-02-26
378,HRL,2024022605000615,83,19,10.00,614.00,"6,140.00",2024-02-26
379,HRL,2024022605000616,83,38,10.00,614.00,"6,140.00",2024-02-26
380,HRL,2024022605000617,83,14,10.00,614.00,"6,140.00",2024-02-26
381,HRL,2024022605000618,83,58,20.00,614.00,"12,280.00",2024-02-26
382,HRL,2024022605000619,83,49,10.00,614.00,"6,140.00",2024-02-26
383,HRL,2024022605000620,83,38,10.00,614.00,"6,140.00",2024-02-26
384,HRL,2024022605000621,83,35,10.00,614.00,"6,140.00",2024-02-26
385,HRL,2024022605000622,83,52,20.00,614.80,"12,296.00",2024-02-26
386,HRL,2024022605000623,83,22,58.00,614.80,"35,658.40",2024-02-26
387,HRL,2024022605000624,83,3,120.00,614.90,"73,788.00",2024-02-26
388,HRL,2024022605000625,83,58,20.00,615.00,"12,300.00",2024-02-26
389,HRL,2024022605000626,83,21,10.00,615.00,"6,150.00",2024-02-26
390,HRL,2024022605000627,83,80,10.00,615.00,"6,150.00",2024-02-26
391,HRL,2024022605000628,83,41,10.00,615.00,"6,150.00",2024-02-26
392,HRL,2024022605000629,83,44,10.00,615.00,"6,150.00",2024-02-26
393,HRL,2024022605000630,83,50,10.00,615.00,"6,150.00",2024-02-26
394,HRL,2024022605000631,83,19,10.00,615.00,"6,150.00",2024-02-26
395,HRL,2024022605000632,83,19,10.00,615.00,"6,150.00",2024-02-26
396,HRL,2024022605000633,83,53,30.00,615.00,"18,450.00",2024-02-26
397,HRL,2024022605000634,83,22,10.00,615.00,"6,150.00",2024-02-26
398,HRL,2024022605000635,83,29,10.00,615.00,"6,150.00",2024-02-26
399,HRL,2024022605000636,83,60,20.00,615.00,"12,300.00",2024-02-26
400,HRL,2024022605000637,83,58,10.00,615.00,"6,150.00",2024-02-26
401,HRL,2024022605000638,83,77,10.00,615.00,"6,150.00",2024-02-26
402,HRL,2024022605000639,83,58,10.00,615.00,"6,150.00",2024-02-26
403,HRL,2024022605000640,83,49,10.00,615.00,"6,150.00",2024-02-26
404,HRL,2024022605000641,83,49,10.00,615.00,"6,150.00",2024-02-26
405,HRL,2024022605000642,83,41,10.00,615.00,"6,150.00",2024-02-26
406,HRL,2024022605000643,83,49,20.00,615.00,"12,300.00",2024-02-26
407,HRL,2024022605000644,83,42,10.00,615.00,"6,150.00",2024-02-26
408,HRL,2024022605000645,83,62,10.00,615.00,"6,150.00",2024-02-26
409,HRL,2024022605000646,83,38,20.00,615.00,"12,300.00",2024-02-26
410,HRL,2024022605000647,83,43,10.00,615.00,"6,150.00",2024-02-26
411,HRL,2024022605000648,83,34,20.00,615.00,"12,300.00",2024-02-26
412,HRL,2024022605000649,83,7,10.00,615.00,"6,150.00",2024-02-26
413,HRL,2024022605000650,83,36,10.00,615.00,"6,150.00",2024-02-26
414,HRL,2024022605000651,83,58,10.00,615.00,"6,150.00",2024-02-26
415,HRL,2024022605000652,83,44,10.00,615.00,"6,150.00",2024-02-26
416,HRL,2024022605000653,83,58,10.00,615.00,"6,150.00",2024-02-26
417,HRL,2024022605000654,83,34,20.00,615.00,"12,300.00",2024-02-26
418,HRL,2024022605000655,83,17,10.00,615.00,"6,150.00",2024-02-26
419,HRL,2024022605000656,83,34,20.00,615.00,"12,300.00",2024-02-26
420,HRL,2024022605000657,83,58,10.00,615.00,"6,150.00",2024-02-26
421,HRL,2024022605000658,83,45,10.00,615.00,"6,150.00",2024-02-26
422,HRL,2024022605000659,83,21,10.00,615.00,"6,150.00",2024-02-26
423,HRL,2024022605000662,53,38,10.00,613.00,"6,130.00",2024-02-26
424,HRL,2024022605000663,39,8,10.00,612.00,"6,120.00",2024-02-26
425,HRL,2024022605000666,17,33,10.00,613.00,"6,130.00",2024-02-26
426,HRL,2024022605000669,32,8,20.00,612.50,"12,250.00",2024-02-26
427,HRL,2024022605000671,76,42,10.00,614.00,"6,140.00",2024-02-26
428,HRL,2024022605000672,76,38,10.00,615.00,"6,150.00",2024-02-26
429,HRL,2024022605000673,76,58,10.00,615.00,"6,150.00",2024-02-26
430,HRL,2024022605000674,76,43,10.00,615.00,"6,150.00",2024-02-26
431,HRL,2024022605000675,32,35,10.00,612.50,"6,125.00",2024-02-26
432,HRL,2024022605000678,76,52,10.00,615.00,"6,150.00",2024-02-26
433,HRL,2024022605000681,1,14,10.00,615.00,"6,150.00",2024-02-26
434,HRL,2024022605000686,76,19,10.00,615.00,"6,150.00",2024-02-26
435,HRL,2024022605000687,76,8,10.00,615.50,"6,155.00",2024-02-26
436,HRL,2024022605000689,16,35,10.00,615.50,"6,155.00",2024-02-26
437,HRL,2024022605000690,74,33,10.00,615.00,"6,150.00",2024-02-26
438,HRL,2024022605000691,74,59,20.00,615.50,"12,310.00",2024-02-26
439,HRL,2024022605000694,52,55,10.00,613.00,"6,130.00",2024-02-26
440,HRL,2024022605000695,52,58,10.00,613.00,"6,130.00",2024-02-26
441,HRL,2024022605000696,52,85,10.00,613.00,"6,130.00",2024-02-26
442,HRL,2024022605000697,49,19,15.00,615.00,"9,225.00",2024-02-26
443,HRL,2024022605000698,52,57,10.00,613.00,"6,130.00",2024-02-26
444,HRL,2024022605000700,52,25,20.00,613.00,"12,260.00",2024-02-26
445,HRL,2024022605000701,52,46,10.00,613.00,"6,130.00",2024-02-26
446,HRL,2024022605000702,52,41,20.00,613.00,"12,260.00",2024-02-26
447,HRL,2024022605000704,52,38,10.00,613.00,"6,130.00",2024-02-26
448,HRL,2024022605000705,29,38,30.00,613.00,"18,390.00",2024-02-26
449,HRL,2024022605000711,16,35,10.00,614.00,"6,140.00",2024-02-26
450,HRL,2024022605000717,29,36,10.00,613.00,"6,130.00",2024-02-26
451,HRL,2024022605000718,29,34,10.00,613.00,"6,130.00",2024-02-26
452,HRL,2024022605000723,32,58,10.00,612.50,"6,125.00",2024-02-26
453,HRL,2024022605000724,17,34,10.00,613.00,"6,130.00",2024-02-26
454,HRL,2024022605000725,17,45,10.00,613.00,"6,130.00",2024-02-26
455,HRL,2024022605000732,17,6,10.00,613.00,"6,130.00",2024-02-26
456,HRL,2024022605000735,32,41,10.00,612.50,"6,125.00",2024-02-26
457,HRL,2024022605000737,32,21,20.00,612.50,"12,250.00",2024-02-26
458,HRL,2024022605000739,32,55,10.00,612.50,"6,125.00",2024-02-26
459,HRL,2024022605000742,32,58,20.00,612.50,"12,250.00",2024-02-26
460,HRL,2024022605000743,49,58,26.00,612.50,"15,925.00",2024-02-26
461,HRL,2024022605000744,85,58,454.00,612.30,"277,984.20",2024-02-26
462,HRL,2024022605000749,85,1,30.00,612.30,"18,369.00",2024-02-26
463,HRL,2024022605000750,85,25,16.00,612.30,"9,796.80",2024-02-26
464,HRL,2024022605000752,52,58,10.00,612.30,"6,123.00",2024-02-26
465,HRL,2024022605000755,52,37,20.00,612.30,"12,246.00",2024-02-26
466,HRL,2024022605000756,52,58,20.00,612.30,"12,246.00",2024-02-26
467,HRL,2024022605000757,52,58,10.00,612.30,"6,123.00",2024-02-26
468,HRL,2024022605000758,52,46,10.00,612.30,"6,123.00",2024-02-26
469,HRL,2024022605000759,17,35,10.00,612.50,"6,125.00",2024-02-26
470,HRL,2024022605000760,17,14,10.00,612.50,"6,125.00",2024-02-26
471,HRL,2024022605000761,17,42,10.00,612.50,"6,125.00",2024-02-26
472,HRL,2024022605000762,17,34,10.00,612.50,"6,125.00",2024-02-26
473,HRL,2024022605000763,17,49,20.00,612.50,"12,250.00",2024-02-26
474,HRL,2024022605000764,17,56,10.00,612.50,"6,125.00",2024-02-26
475,HRL,2024022605000767,45,6,10.00,613.00,"6,130.00",2024-02-26
476,HRL,2024022605000768,45,49,20.00,613.00,"12,260.00",2024-02-26
477,HRL,2024022605000769,45,7,10.00,613.00,"6,130.00",2024-02-26
478,HRL,2024022605000779,17,48,10.00,612.50,"6,125.00",2024-02-26
479,HRL,2024022605000787,58,45,10.00,612.60,"6,126.00",2024-02-26
480,HRL,2024022605000788,58,48,10.00,612.60,"6,126.00",2024-02-26
481,HRL,2024022605000789,17,48,120.00,612.50,"73,500.00",2024-02-26
482,HRL,2024022605000790,52,48,30.00,612.30,"18,369.00",2024-02-26
483,HRL,2024022605000791,32,48,150.00,612.10,"91,815.00",2024-02-26
484,HRL,2024022605000792,25,48,200.00,612.00,"122,400.00",2024-02-26
485,HRL,2024022605000793,55,48,50.00,612.00,"30,600.00",2024-02-26
486,HRL,2024022605000794,14,48,50.00,612.00,"30,600.00",2024-02-26
487,HRL,2024022605000799,57,48,20.00,611.10,"12,222.00",2024-02-26
488,HRL,2024022605000801,57,1,10.00,611.10,"6,111.00",2024-02-26
489,HRL,2024022605000802,57,35,20.00,611.10,"12,222.00",2024-02-26
490,HRL,2024022605000803,32,8,10.00,611.00,"6,110.00",2024-02-26
491,HRL,2024022605000804,32,8,10.00,611.00,"6,110.00",2024-02-26
492,HRL,2024022605000805,32,58,10.00,611.00,"6,110.00",2024-02-26
493,HRL,2024022605000806,32,47,10.00,611.00,"6,110.00",2024-02-26
494,HRL,2024022605000815,32,55,10.00,611.00,"6,110.00",2024-02-26
495,HRL,2024022605000816,32,38,30.00,611.00,"18,330.00",2024-02-26
496,HRL,2024022605000822,32,16,20.00,611.00,"12,220.00",2024-02-26
497,HRL,2024022605000823,1,16,10.00,611.00,"6,110.00",2024-02-26
498,HRL,2024022605000824,1,58,10.00,611.00,"6,110.00",2024-02-26
499,HRL,2024022605000826,1,58,30.00,611.00,"18,330.00",2024-02-26
500,HRL,2024022605000828,43,49,21.00,610.20,"12,814.20",2024-02-26
501,HRL,2024022605000829,8,49,290.00,610.10,"176,929.00",2024-02-26
502,HRL,2024022605000830,25,49,199.00,610.10,"121,409.90",2024-02-26
503,HRL,2024022605000847,48,35,10.00,610.10,"6,101.00",2024-02-26
504,HRL,2024022605000848,48,16,30.00,610.10,"18,303.00",2024-02-26
505,HRL,2024022605000849,48,45,30.00,610.10,"18,303.00",2024-02-26
506,HRL,2024022605000851,48,56,10.00,610.10,"6,101.00",2024-02-26
507,HRL,2024022605000854,48,26,20.00,610.10,"12,202.00",2024-02-26
508,HRL,2024022605000855,33,26,180.00,610.00,"109,800.00",2024-02-26
509,HRL,2024022605000858,33,57,10.00,610.00,"6,100.00",2024-02-26
510,HRL,2024022605000859,33,69,310.00,610.00,"189,100.00",2024-02-26
511,HRL,2024022605000860,44,69,20.00,610.00,"12,200.00",2024-02-26
512,HRL,2024022605000861,58,69,"2,000.00",610.00,"1,220,000.00",2024-02-26
513,HRL,2024022605000862,36,69,500.00,610.00,"305,000.00",2024-02-26
514,HRL,2024022605000863,17,69,300.00,610.00,"183,000.00",2024-02-26
515,HRL,2024022605000864,13,69,150.00,610.00,"91,500.00",2024-02-26
516,HRL,2024022605000865,37,69,50.00,610.00,"30,500.00",2024-02-26
517,HRL,2024022605000866,51,69,20.00,610.00,"12,200.00",2024-02-26
518,HRL,2024022605000867,21,69,10.00,610.00,"6,100.00",2024-02-26
519,HRL,2024022605000868,34,69,100.00,610.00,"61,000.00",2024-02-26
520,HRL,2024022605000869,47,69,40.00,610.00,"24,400.00",2024-02-26
521,HRL,2024022605000878,49,69,50.00,609.20,"30,460.00",2024-02-26
522,HRL,2024022605000879,83,69,10.00,609.10,"6,091.00",2024-02-26
523,HRL,2024022605000883,83,21,10.00,609.10,"6,091.00",2024-02-26
524,HRL,2024022605000885,83,47,10.00,609.10,"6,091.00",2024-02-26
525,HRL,2024022605000888,83,7,10.00,609.10,"6,091.00",2024-02-26
526,HRL,2024022605000889,83,41,10.00,609.10,"6,091.00",2024-02-26
527,HRL,2024022605000892,83,19,20.00,609.10,"12,182.00",2024-02-26
528,HRL,2024022605000893,83,34,10.00,609.10,"6,091.00",2024-02-26
529,HRL,2024022605000897,83,29,50.00,610.00,"30,500.00",2024-02-26
530,HRL,2024022605000898,83,52,850.00,610.00,"518,500.00",2024-02-26
531,HRL,2024022605000899,83,26,500.00,610.00,"305,000.00",2024-02-26
532,HRL,2024022605000900,83,42,30.00,610.00,"18,300.00",2024-02-26
533,HRL,2024022605000901,83,25,100.00,610.00,"61,000.00",2024-02-26
534,HRL,2024022605000902,83,14,10.00,610.00,"6,100.00",2024-02-26
535,HRL,2024022605000903,83,42,10.00,609.10,"6,091.00",2024-02-26
536,HRL,2024022605000904,83,42,30.00,609.10,"18,273.00",2024-02-26
537,HRL,2024022605000905,83,8,30.00,609.10,"18,273.00",2024-02-26
538,HRL,2024022605000907,83,69,10.00,609.10,"6,091.00",2024-02-26
539,HRL,2024022605000908,49,14,10.00,610.00,"6,100.00",2024-02-26
540,HRL,2024022605000909,49,35,10.00,610.00,"6,100.00",2024-02-26
541,HRL,2024022605000910,49,58,10.00,610.00,"6,100.00",2024-02-26
542,HRL,2024022605000911,49,58,10.00,610.00,"6,100.00",2024-02-26
543,HRL,2024022605000912,83,48,340.00,609.10,"207,094.00",2024-02-26
544,HRL,2024022605000913,28,48,660.00,609.00,"401,940.00",2024-02-26
545,HRL,2024022605000917,28,29,10.00,609.00,"6,090.00",2024-02-26
546,HRL,2024022605000921,65,49,20.00,608.00,"12,160.00",2024-02-26
547,HRL,2024022605000922,42,29,20.00,609.00,"12,180.00",2024-02-26
548,HRL,2024022605000923,42,58,10.00,609.00,"6,090.00",2024-02-26
549,HRL,2024022605000925,42,80,50.00,609.00,"30,450.00",2024-02-26
550,HRL,2024022605000926,42,7,10.00,609.00,"6,090.00",2024-02-26
551,HRL,2024022605000927,42,58,10.00,609.00,"6,090.00",2024-02-26
552,HRL,2024022605000928,65,69,10.00,608.00,"6,080.00",2024-02-26
553,HRL,2024022605000929,65,58,10.00,608.00,"6,080.00",2024-02-26
554,HRL,2024022605000932,65,13,10.00,608.00,"6,080.00",2024-02-26
555,HRL,2024022605000933,65,43,50.00,608.00,"30,400.00",2024-02-26
556,HRL,2024022605000934,65,36,100.00,608.00,"60,800.00",2024-02-26
557,HRL,2024022605000935,36,36,30.00,608.00,"18,240.00",2024-02-26
558,HRL,2024022605000936,44,36,10.00,608.00,"6,080.00",2024-02-26
559,HRL,2024022605000944,17,36,50.00,608.00,"30,400.00",2024-02-26
560,HRL,2024022605000947,29,69,10.00,607.10,"6,071.00",2024-02-26
561,HRL,2024022605000948,29,7,10.00,607.10,"6,071.00",2024-02-26
562,HRL,2024022605000949,62,36,10.00,608.00,"6,080.00",2024-02-26
563,HRL,2024022605000954,29,69,10.00,607.10,"6,071.00",2024-02-26
564,HRL,2024022605000957,14,38,10.00,608.00,"6,080.00",2024-02-26
565,HRL,2024022605000958,29,58,10.00,607.10,"6,071.00",2024-02-26
566,HRL,2024022605000960,29,49,10.00,607.10,"6,071.00",2024-02-26
567,HRL,2024022605000961,29,49,10.00,607.10,"6,071.00",2024-02-26
568,HRL,2024022605000962,29,32,10.00,607.10,"6,071.00",2024-02-26
569,HRL,2024022605000965,60,7,20.00,607.10,"12,142.00",2024-02-26
570,HRL,2024022605000966,86,38,260.00,608.00,"158,080.00",2024-02-26
571,HRL,2024022605000967,86,42,100.00,608.00,"60,800.00",2024-02-26
572,HRL,2024022605000968,86,56,20.00,608.00,"12,160.00",2024-02-26
573,HRL,2024022605000969,86,35,10.00,608.00,"6,080.00",2024-02-26
574,HRL,2024022605000971,86,32,10.00,608.00,"6,080.00",2024-02-26
575,HRL,2024022605000973,86,44,20.00,608.00,"12,160.00",2024-02-26
576,HRL,2024022605000975,86,46,10.00,608.00,"6,080.00",2024-02-26
577,HRL,2024022605000976,86,56,10.00,608.00,"6,080.00",2024-02-26
578,HRL,2024022605000978,86,8,20.00,608.00,"12,160.00",2024-02-26
579,HRL,2024022605000980,86,49,10.00,608.00,"6,080.00",2024-02-26
580,HRL,2024022605000981,86,34,10.00,608.00,"6,080.00",2024-02-26
581,HRL,2024022605000982,86,4,10.00,608.00,"6,080.00",2024-02-26
582,HRL,2024022605000983,86,38,10.00,608.00,"6,080.00",2024-02-26
583,HRL,2024022605000987,86,46,10.00,607.20,"6,072.00",2024-02-26
584,HRL,2024022605000988,86,69,10.00,607.20,"6,072.00",2024-02-26
585,HRL,2024022605000994,86,13,10.00,607.20,"6,072.00",2024-02-26
586,HRL,2024022605000995,86,42,10.00,607.20,"6,072.00",2024-02-26
587,HRL,2024022605000996,86,46,10.00,607.20,"6,072.00",2024-02-26
588,HRL,2024022605000997,86,35,10.00,607.20,"6,072.00",2024-02-26
589,HRL,2024022605000999,86,59,30.00,607.20,"18,216.00",2024-02-26
590,HRL,2024022605001001,86,58,10.00,607.20,"6,072.00",2024-02-26
591,HRL,2024022605001005,86,7,20.00,607.20,"12,144.00",2024-02-26
592,HRL,2024022605001006,86,29,10.00,607.20,"6,072.00",2024-02-26
593,HRL,2024022605001008,86,48,10.00,607.20,"6,072.00",2024-02-26
594,HRL,2024022605001009,86,6,60.00,607.20,"36,432.00",2024-02-26
595,HRL,2024022605001010,18,6,10.00,607.20,"6,072.00",2024-02-26
596,HRL,2024022605001011,18,44,10.00,607.20,"6,072.00",2024-02-26
597,HRL,2024022605001012,60,44,140.00,607.10,"84,994.00",2024-02-26
598,HRL,2024022605001015,60,44,"1,840.00",607.10,"1,117,064.00",2024-02-26
599,HRL,2024022605001016,26,44,30.00,607.00,"18,210.00",2024-02-26
600,HRL,2024022605001017,8,44,10.00,607.00,"6,070.00",2024-02-26
601,HRL,2024022605001018,65,44,200.00,607.00,"121,400.00",2024-02-26
602,HRL,2024022605001019,34,44,50.00,607.00,"30,350.00",2024-02-26
603,HRL,2024022605001020,28,44,370.00,607.00,"224,590.00",2024-02-26
604,HRL,2024022605001021,28,38,10.00,607.00,"6,070.00",2024-02-26
605,HRL,2024022605001023,28,80,170.00,607.00,"103,190.00",2024-02-26
606,HRL,2024022605001024,28,25,30.00,607.00,"18,210.00",2024-02-26
607,HRL,2024022605001025,28,49,10.00,607.00,"6,070.00",2024-02-26
608,HRL,2024022605001026,28,48,10.00,607.00,"6,070.00",2024-02-26
609,HRL,2024022605001028,28,58,10.00,607.00,"6,070.00",2024-02-26
610,HRL,2024022605001030,16,7,10.00,607.10,"6,071.00",2024-02-26
611,HRL,2024022605001032,16,35,10.00,607.10,"6,071.00",2024-02-26
612,HRL,2024022605001033,28,1,20.00,607.00,"12,140.00",2024-02-26
613,HRL,2024022605001034,16,49,10.00,607.20,"6,072.00",2024-02-26
614,HRL,2024022605001035,69,17,10.00,607.10,"6,071.00",2024-02-26
615,HRL,2024022605001037,36,49,30.00,607.20,"18,216.00",2024-02-26
616,HRL,2024022605001038,36,46,10.00,607.20,"6,072.00",2024-02-26
617,HRL,2024022605001039,36,36,10.00,607.20,"6,072.00",2024-02-26
618,HRL,2024022605001040,69,36,10.00,607.10,"6,071.00",2024-02-26
619,HRL,2024022605001042,69,26,40.00,607.10,"24,284.00",2024-02-26
620,HRL,2024022605001043,69,8,40.00,607.10,"24,284.00",2024-02-26
621,HRL,2024022605001045,77,14,10.00,608.00,"6,080.00",2024-02-26
622,HRL,2024022605001046,77,58,20.00,608.00,"12,160.00",2024-02-26
623,HRL,2024022605001047,77,42,10.00,608.00,"6,080.00",2024-02-26
624,HRL,2024022605001048,77,50,10.00,609.00,"6,090.00",2024-02-26
625,HRL,2024022605001049,77,4,10.00,609.00,"6,090.00",2024-02-26
626,HRL,2024022605001050,77,17,10.00,609.00,"6,090.00",2024-02-26
627,HRL,2024022605001051,77,4,20.00,610.00,"12,200.00",2024-02-26
628,HRL,2024022605001052,77,35,10.00,610.00,"6,100.00",2024-02-26
629,HRL,2024022605001053,77,38,20.00,610.00,"12,200.00",2024-02-26
630,HRL,2024022605001054,77,34,10.00,610.00,"6,100.00",2024-02-26
631,HRL,2024022605001055,77,59,20.00,610.00,"12,200.00",2024-02-26
632,HRL,2024022605001056,77,49,10.00,610.00,"6,100.00",2024-02-26
633,HRL,2024022605001057,77,4,10.00,610.00,"6,100.00",2024-02-26
634,HRL,2024022605001058,77,35,20.00,610.00,"12,200.00",2024-02-26
635,HRL,2024022605001059,77,6,20.00,610.00,"12,200.00",2024-02-26
636,HRL,2024022605001060,77,49,10.00,610.00,"6,100.00",2024-02-26
637,HRL,2024022605001061,77,35,10.00,610.00,"6,100.00",2024-02-26
638,HRL,2024022605001062,77,66,10.00,610.00,"6,100.00",2024-02-26
639,HRL,2024022605001063,77,21,20.00,610.00,"12,200.00",2024-02-26
640,HRL,2024022605001064,77,41,100.00,610.00,"61,000.00",2024-02-26
641,HRL,2024022605001065,77,57,50.00,610.00,"30,500.00",2024-02-26
642,HRL,2024022605001067,58,46,10.00,608.00,"6,080.00",2024-02-26
643,HRL,2024022605001068,69,7,20.00,607.10,"12,142.00",2024-02-26
644,HRL,2024022605001070,69,49,10.00,607.10,"6,071.00",2024-02-26
645,HRL,2024022605001071,69,38,20.00,607.10,"12,142.00",2024-02-26
646,HRL,2024022605001076,33,36,10.00,607.20,"6,072.00",2024-02-26
647,HRL,2024022605001077,33,35,10.00,607.20,"6,072.00",2024-02-26
648,HRL,2024022605001079,69,46,10.00,607.10,"6,071.00",2024-02-26
649,HRL,2024022605001080,69,29,20.00,607.10,"12,142.00",2024-02-26
650,HRL,2024022605001081,69,85,10.00,607.10,"6,071.00",2024-02-26
651,HRL,2024022605001093,69,59,10.00,607.10,"6,071.00",2024-02-26
652,HRL,2024022605001094,26,34,10.00,607.20,"6,072.00",2024-02-26
653,HRL,2024022605001095,69,34,10.00,607.10,"6,071.00",2024-02-26
654,HRL,2024022605001096,69,46,10.00,607.10,"6,071.00",2024-02-26
655,HRL,2024022605001099,69,38,10.00,607.10,"6,071.00",2024-02-26
656,HRL,2024022605001100,69,44,400.00,607.10,"242,840.00",2024-02-26
657,HRL,2024022605001101,69,58,10.00,607.10,"6,071.00",2024-02-26
658,HRL,2024022605001105,69,46,10.00,607.10,"6,071.00",2024-02-26
659,HRL,2024022605001106,69,36,10.00,607.10,"6,071.00",2024-02-26
660,HRL,2024022605001107,69,34,10.00,607.10,"6,071.00",2024-02-26
661,HRL,2024022605001108,69,7,20.00,607.10,"12,142.00",2024-02-26
662,HRL,2024022605001109,69,58,10.00,607.10,"6,071.00",2024-02-26
663,HRL,2024022605001110,69,8,20.00,607.10,"12,142.00",2024-02-26
664,HRL,2024022605001111,69,49,20.00,607.10,"12,142.00",2024-02-26
665,HRL,2024022605001112,36,1,10.00,608.00,"6,080.00",2024-02-26
666,HRL,2024022605001113,36,59,10.00,608.00,"6,080.00",2024-02-26
667,HRL,2024022605001114,36,59,10.00,608.00,"6,080.00",2024-02-26
668,HRL,2024022605001115,36,46,10.00,608.00,"6,080.00",2024-02-26
669,HRL,2024022605001116,36,58,10.00,608.00,"6,080.00",2024-02-26
670,HRL,2024022605001117,36,7,20.00,608.00,"12,160.00",2024-02-26
671,HRL,2024022605001118,36,85,10.00,608.00,"6,080.00",2024-02-26
672,HRL,2024022605001119,36,5,200.00,608.00,"121,600.00",2024-02-26
673,HRL,2024022605001120,36,45,10.00,608.00,"6,080.00",2024-02-26
674,HRL,2024022605001121,36,8,20.00,608.00,"12,160.00",2024-02-26
675,HRL,2024022605001122,36,38,10.00,608.00,"6,080.00",2024-02-26
676,HRL,2024022605001123,36,46,10.00,608.00,"6,080.00",2024-02-26
677,HRL,2024022605001124,36,47,30.00,608.00,"18,240.00",2024-02-26
678,HRL,2024022605001126,36,38,10.00,608.00,"6,080.00",2024-02-26
679,HRL,2024022605001127,36,34,30.00,608.00,"18,240.00",2024-02-26
680,HRL,2024022605001128,36,46,10.00,608.00,"6,080.00",2024-02-26
681,HRL,2024022605001129,36,29,10.00,608.00,"6,080.00",2024-02-26
682,HRL,2024022605001131,36,44,100.00,608.00,"60,800.00",2024-02-26
683,HRL,2024022605001132,36,7,20.00,608.00,"12,160.00",2024-02-26
684,HRL,2024022605001133,37,25,10.00,609.00,"6,090.00",2024-02-26
685,HRL,2024022605001134,37,3,10.00,609.00,"6,090.00",2024-02-26
686,HRL,2024022605001135,37,58,10.00,610.00,"6,100.00",2024-02-26
687,HRL,2024022605001136,37,42,10.00,610.00,"6,100.00",2024-02-26
688,HRL,2024022605001137,37,35,10.00,610.00,"6,100.00",2024-02-26
689,HRL,2024022605001138,37,26,10.00,610.00,"6,100.00",2024-02-26
690,HRL,2024022605001139,37,4,20.00,610.00,"12,200.00",2024-02-26
691,HRL,2024022605001140,37,6,10.00,610.00,"6,100.00",2024-02-26
692,HRL,2024022605001141,37,49,10.00,610.00,"6,100.00",2024-02-26
693,HRL,2024022605001142,37,58,10.00,610.00,"6,100.00",2024-02-26
694,HRL,2024022605001143,37,59,10.00,610.00,"6,100.00",2024-02-26
695,HRL,2024022605001144,37,41,40.00,610.00,"24,400.00",2024-02-26
696,HRL,2024022605001145,37,58,10.00,610.00,"6,100.00",2024-02-26
697,HRL,2024022605001146,37,38,30.00,610.00,"18,300.00",2024-02-26
698,HRL,2024022605001147,37,57,10.00,610.00,"6,100.00",2024-02-26
699,HRL,2024022605001148,37,77,10.00,610.00,"6,100.00",2024-02-26
700,HRL,2024022605001149,37,35,10.00,610.00,"6,100.00",2024-02-26
701,HRL,2024022605001150,37,8,20.00,610.00,"12,200.00",2024-02-26
702,HRL,2024022605001151,36,58,10.00,608.00,"6,080.00",2024-02-26
703,HRL,2024022605001154,83,34,10.00,611.00,"6,110.00",2024-02-26
704,HRL,2024022605001155,83,58,10.00,611.00,"6,110.00",2024-02-26
705,HRL,2024022605001156,83,46,10.00,611.00,"6,110.00",2024-02-26
706,HRL,2024022605001157,83,19,10.00,611.00,"6,110.00",2024-02-26
707,HRL,2024022605001158,83,35,10.00,611.00,"6,110.00",2024-02-26
708,HRL,2024022605001159,83,32,20.00,612.00,"12,240.00",2024-02-26
709,HRL,2024022605001160,83,32,20.00,612.00,"12,240.00",2024-02-26
710,HRL,2024022605001161,83,28,20.00,612.00,"12,240.00",2024-02-26
711,HRL,2024022605001162,83,42,10.00,612.00,"6,120.00",2024-02-26
712,HRL,2024022605001163,83,49,10.00,612.00,"6,120.00",2024-02-26
713,HRL,2024022605001164,83,42,10.00,612.00,"6,120.00",2024-02-26
714,HRL,2024022605001165,83,35,10.00,612.00,"6,120.00",2024-02-26
715,HRL,2024022605001166,83,58,10.00,612.00,"6,120.00",2024-02-26
716,HRL,2024022605001167,83,42,10.00,612.00,"6,120.00",2024-02-26
717,HRL,2024022605001168,83,26,30.00,612.00,"18,360.00",2024-02-26
718,HRL,2024022605001169,83,35,10.00,612.00,"6,120.00",2024-02-26
719,HRL,2024022605001170,83,35,500.00,612.00,"306,000.00",2024-02-26
720,HRL,2024022605001171,83,26,30.00,612.00,"18,360.00",2024-02-26
721,HRL,2024022605001172,83,7,20.00,612.00,"12,240.00",2024-02-26
722,HRL,2024022605001173,83,45,10.00,612.00,"6,120.00",2024-02-26
723,HRL,2024022605001174,83,58,10.00,612.00,"6,120.00",2024-02-26
724,HRL,2024022605001175,83,41,10.00,612.00,"6,120.00",2024-02-26
725,HRL,2024022605001176,83,58,10.00,612.00,"6,120.00",2024-02-26
726,HRL,2024022605001177,33,5,10.00,610.00,"6,100.00",2024-02-26
727,HRL,2024022605001178,36,58,10.00,608.00,"6,080.00",2024-02-26
728,HRL,2024022605001179,83,48,10.00,610.00,"6,100.00",2024-02-26
729,HRL,2024022605001180,83,58,10.00,612.00,"6,120.00",2024-02-26
730,HRL,2024022605001181,83,25,50.00,612.00,"30,600.00",2024-02-26
731,HRL,2024022605001182,83,58,10.00,612.00,"6,120.00",2024-02-26
732,HRL,2024022605001183,83,19,20.00,612.10,"12,242.00",2024-02-26
733,HRL,2024022605001184,83,48,350.00,612.50,"214,375.00",2024-02-26
734,HRL,2024022605001185,22,45,10.00,608.10,"6,081.00",2024-02-26
735,HRL,2024022605001186,22,58,10.00,608.10,"6,081.00",2024-02-26
736,HRL,2024022605001190,36,35,10.00,608.00,"6,080.00",2024-02-26
737,HRL,2024022605001191,36,58,10.00,608.00,"6,080.00",2024-02-26
738,HRL,2024022605001193,36,8,10.00,608.00,"6,080.00",2024-02-26
739,HRL,2024022605001194,36,7,20.00,608.00,"12,160.00",2024-02-26
740,HRL,2024022605001196,36,38,10.00,608.00,"6,080.00",2024-02-26
741,HRL,2024022605001197,26,4,20.00,608.10,"12,162.00",2024-02-26
742,HRL,2024022605001199,26,34,10.00,608.10,"6,081.00",2024-02-26
743,HRL,2024022605001202,26,42,10.00,608.10,"6,081.00",2024-02-26
744,HRL,2024022605001203,26,56,10.00,608.10,"6,081.00",2024-02-26
745,HRL,2024022605001204,26,56,10.00,608.10,"6,081.00",2024-02-26
746,HRL,2024022605001205,26,7,20.00,609.00,"12,180.00",2024-02-26
747,HRL,2024022605001206,26,58,10.00,609.00,"6,090.00",2024-02-26
748,HRL,2024022605001207,49,49,10.00,610.00,"6,100.00",2024-02-26
749,HRL,2024022605001208,49,38,10.00,610.00,"6,100.00",2024-02-26
750,HRL,2024022605001209,49,58,10.00,610.00,"6,100.00",2024-02-26
751,HRL,2024022605001210,49,57,10.00,610.00,"6,100.00",2024-02-26
752,HRL,2024022605001211,49,41,10.00,610.00,"6,100.00",2024-02-26
753,HRL,2024022605001212,49,42,20.00,610.00,"12,200.00",2024-02-26
754,HRL,2024022605001213,49,77,10.00,610.00,"6,100.00",2024-02-26
755,HRL,2024022605001215,49,29,20.00,610.00,"12,200.00",2024-02-26
756,HRL,2024022605001217,26,44,10.00,609.00,"6,090.00",2024-02-26
757,HRL,2024022605001218,26,42,10.00,609.00,"6,090.00",2024-02-26
758,HRL,2024022605001222,69,53,20.00,610.00,"12,200.00",2024-02-26
759,HRL,2024022605001223,69,91,10.00,610.00,"6,100.00",2024-02-26
760,HRL,2024022605001224,69,34,10.00,610.00,"6,100.00",2024-02-26
761,HRL,2024022605001225,69,21,150.00,610.00,"91,500.00",2024-02-26
762,HRL,2024022605001226,26,58,10.00,609.00,"6,090.00",2024-02-26
763,HRL,2024022605001227,26,45,10.00,609.00,"6,090.00",2024-02-26
764,HRL,2024022605001228,26,7,20.00,609.00,"12,180.00",2024-02-26
765,HRL,2024022605001230,26,35,10.00,609.00,"6,090.00",2024-02-26
766,HRL,2024022605001237,42,7,20.00,608.30,"12,166.00",2024-02-26
767,HRL,2024022605001238,42,8,10.00,608.30,"6,083.00",2024-02-26
768,HRL,2024022605001241,42,3,10.00,608.30,"6,083.00",2024-02-26
769,HRL,2024022605001242,42,57,40.00,608.30,"24,332.00",2024-02-26
770,HRL,2024022605001246,83,21,10.00,608.90,"6,089.00",2024-02-26
771,HRL,2024022605001247,83,42,10.00,609.00,"6,090.00",2024-02-26
772,HRL,2024022605001248,83,58,30.00,609.00,"18,270.00",2024-02-26
773,HRL,2024022605001249,83,1,10.00,609.00,"6,090.00",2024-02-26
774,HRL,2024022605001250,83,58,20.00,609.00,"12,180.00",2024-02-26
775,HRL,2024022605001251,83,17,10.00,609.00,"6,090.00",2024-02-26
776,HRL,2024022605001252,83,14,10.00,610.00,"6,100.00",2024-02-26
777,HRL,2024022605001253,83,75,500.00,610.00,"305,000.00",2024-02-26
778,HRL,2024022605001254,83,49,10.00,610.00,"6,100.00",2024-02-26
779,HRL,2024022605001255,83,16,10.00,610.00,"6,100.00",2024-02-26
780,HRL,2024022605001256,83,58,30.00,610.00,"18,300.00",2024-02-26
781,HRL,2024022605001257,83,58,10.00,610.00,"6,100.00",2024-02-26
782,HRL,2024022605001258,83,5,840.00,610.00,"512,400.00",2024-02-26
783,HRL,2024022605001262,42,58,10.00,608.30,"6,083.00",2024-02-26
784,HRL,2024022605001263,42,58,10.00,608.30,"6,083.00",2024-02-26
785,HRL,2024022605001265,42,36,10.00,608.30,"6,083.00",2024-02-26
786,HRL,2024022605001267,42,45,10.00,608.30,"6,083.00",2024-02-26
787,HRL,2024022605001272,42,8,30.00,608.30,"18,249.00",2024-02-26
788,HRL,2024022605001273,42,55,10.00,608.30,"6,083.00",2024-02-26
789,HRL,2024022605001274,42,7,20.00,608.30,"12,166.00",2024-02-26
790,HRL,2024022605001277,42,42,10.00,608.30,"6,083.00",2024-02-26
791,HRL,2024022605001278,42,50,30.00,608.30,"18,249.00",2024-02-26
792,HRL,2024022605001279,42,34,10.00,608.30,"6,083.00",2024-02-26
793,HRL,2024022605001280,42,34,30.00,608.30,"18,249.00",2024-02-26
794,HRL,2024022605001284,42,34,30.00,608.30,"18,249.00",2024-02-26
795,HRL,2024022605001286,42,7,20.00,608.30,"12,166.00",2024-02-26
796,HRL,2024022605001287,42,7,20.00,608.30,"12,166.00",2024-02-26
797,HRL,2024022605001289,42,46,10.00,608.30,"6,083.00",2024-02-26
798,HRL,2024022605001290,42,34,30.00,608.30,"18,249.00",2024-02-26
799,HRL,2024022605001296,40,45,20.00,608.40,"12,168.00",2024-02-26
800,HRL,2024022605001299,40,45,10.00,608.40,"6,084.00",2024-02-26
801,HRL,2024022605001300,40,25,40.00,608.40,"24,336.00",2024-02-26
802,HRL,2024022605001303,40,11,10.00,608.40,"6,084.00",2024-02-26
803,HRL,2024022605001304,83,4,10.00,608.50,"6,085.00",2024-02-26
804,HRL,2024022605001305,83,58,10.00,608.50,"6,085.00",2024-02-26
805,HRL,2024022605001306,83,29,10.00,609.00,"6,090.00",2024-02-26
806,HRL,2024022605001307,83,52,10.00,609.00,"6,090.00",2024-02-26
807,HRL,2024022605001308,83,5,160.00,610.00,"97,600.00",2024-02-26
808,HRL,2024022605001309,83,44,30.00,610.00,"18,300.00",2024-02-26
809,HRL,2024022605001310,83,62,10.00,610.00,"6,100.00",2024-02-26
810,HRL,2024022605001311,83,16,30.00,610.00,"18,300.00",2024-02-26
811,HRL,2024022605001312,83,51,10.00,610.00,"6,100.00",2024-02-26
812,HRL,2024022605001313,83,42,10.00,610.00,"6,100.00",2024-02-26
813,HRL,2024022605001314,83,75,500.00,610.00,"305,000.00",2024-02-26
814,HRL,2024022605001315,83,34,10.00,610.00,"6,100.00",2024-02-26
815,HRL,2024022605001316,83,58,10.00,610.00,"6,100.00",2024-02-26
816,HRL,2024022605001317,83,49,10.00,610.00,"6,100.00",2024-02-26
817,HRL,2024022605001318,83,49,10.00,610.00,"6,100.00",2024-02-26
818,HRL,2024022605001319,83,42,10.00,610.00,"6,100.00",2024-02-26
819,HRL,2024022605001320,83,91,10.00,610.00,"6,100.00",2024-02-26
820,HRL,2024022605001321,83,48,10.00,610.00,"6,100.00",2024-02-26
821,HRL,2024022605001322,83,59,190.00,610.00,"115,900.00",2024-02-26
822,HRL,2024022605001323,83,17,"1,480.00",610.00,"902,800.00",2024-02-26
823,HRL,2024022605001324,83,66,10.00,610.00,"6,100.00",2024-02-26
824,HRL,2024022605001325,83,56,10.00,610.00,"6,100.00",2024-02-26
825,HRL,2024022605001326,83,21,30.00,610.00,"18,300.00",2024-02-26
826,HRL,2024022605001327,83,38,10.00,610.00,"6,100.00",2024-02-26
827,HRL,2024022605001335,35,35,10.00,608.50,"6,085.00",2024-02-26
828,HRL,2024022605001336,35,58,10.00,608.50,"6,085.00",2024-02-26
829,HRL,2024022605001339,77,19,10.00,608.50,"6,085.00",2024-02-26
830,HRL,2024022605001344,40,26,30.00,608.40,"18,252.00",2024-02-26
831,HRL,2024022605001345,40,58,20.00,608.40,"12,168.00",2024-02-26
832,HRL,2024022605001346,40,66,10.00,608.40,"6,084.00",2024-02-26
833,HRL,2024022605001348,71,19,10.00,608.50,"6,085.00",2024-02-26
834,HRL,2024022605001349,71,38,10.00,608.50,"6,085.00",2024-02-26
835,HRL,2024022605001353,83,58,200.00,609.00,"121,800.00",2024-02-26
836,HRL,2024022605001354,83,38,10.00,610.00,"6,100.00",2024-02-26
837,HRL,2024022605001355,83,38,30.00,610.00,"18,300.00",2024-02-26
838,HRL,2024022605001356,83,52,10.00,610.00,"6,100.00",2024-02-26
839,HRL,2024022605001357,83,55,10.00,610.00,"6,100.00",2024-02-26
840,HRL,2024022605001358,83,4,10.00,610.00,"6,100.00",2024-02-26
841,HRL,2024022605001359,83,33,15.00,610.00,"9,150.00",2024-02-26
842,HRL,2024022605001360,83,55,20.00,610.00,"12,200.00",2024-02-26
843,HRL,2024022605001361,83,58,20.00,610.00,"12,200.00",2024-02-26
844,HRL,2024022605001362,83,35,10.00,610.00,"6,100.00",2024-02-26
845,HRL,2024022605001363,83,21,30.00,610.00,"18,300.00",2024-02-26
846,HRL,2024022605001364,83,16,40.00,610.00,"24,400.00",2024-02-26
847,HRL,2024022605001365,83,28,20.00,610.00,"12,200.00",2024-02-26
848,HRL,2024022605001366,83,34,20.00,610.00,"12,200.00",2024-02-26
849,HRL,2024022605001367,83,34,10.00,610.00,"6,100.00",2024-02-26
850,HRL,2024022605001368,83,58,30.00,610.00,"18,300.00",2024-02-26
851,HRL,2024022605001369,83,46,10.00,610.00,"6,100.00",2024-02-26
852,HRL,2024022605001370,83,42,100.00,610.00,"61,000.00",2024-02-26
853,HRL,2024022605001371,83,52,10.00,610.00,"6,100.00",2024-02-26
854,HRL,2024022605001372,83,58,10.00,610.00,"6,100.00",2024-02-26
855,HRL,2024022605001373,83,34,10.00,610.00,"6,100.00",2024-02-26
856,HRL,2024022605001374,83,35,75.00,611.00,"45,825.00",2024-02-26
857,HRL,2024022605001377,26,36,10.00,609.00,"6,090.00",2024-02-26
858,HRL,2024022605001378,26,38,10.00,609.00,"6,090.00",2024-02-26
859,HRL,2024022605001379,26,29,10.00,609.00,"6,090.00",2024-02-26
860,HRL,2024022605001381,8,14,20.00,609.10,"12,182.00",2024-02-26
861,HRL,2024022605001382,26,14,10.00,609.00,"6,090.00",2024-02-26
862,HRL,2024022605001383,36,14,10.00,609.00,"6,090.00",2024-02-26
863,HRL,2024022605001384,36,55,100.00,609.00,"60,900.00",2024-02-26
864,HRL,2024022605001385,36,49,10.00,609.00,"6,090.00",2024-02-26
865,HRL,2024022605001386,36,45,10.00,609.00,"6,090.00",2024-02-26
866,HRL,2024022605001387,28,29,40.00,610.00,"24,400.00",2024-02-26
867,HRL,2024022605001388,28,45,20.00,610.00,"12,200.00",2024-02-26
868,HRL,2024022605001389,28,29,20.00,610.00,"12,200.00",2024-02-26
869,HRL,2024022605001390,28,38,10.00,610.00,"6,100.00",2024-02-26
870,HRL,2024022605001392,28,29,20.00,610.00,"12,200.00",2024-02-26
871,HRL,2024022605001393,28,58,10.00,610.00,"6,100.00",2024-02-26
872,HRL,2024022605001394,28,29,20.00,610.00,"12,200.00",2024-02-26
873,HRL,2024022605001395,28,29,20.00,610.00,"12,200.00",2024-02-26
874,HRL,2024022605001396,28,3,10.00,610.00,"6,100.00",2024-02-26
875,HRL,2024022605001397,28,58,30.00,610.00,"18,300.00",2024-02-26
876,HRL,2024022605001398,28,7,20.00,610.00,"12,200.00",2024-02-26
877,HRL,2024022605001400,28,8,30.00,610.00,"18,300.00",2024-02-26
878,HRL,2024022605001402,28,14,20.00,610.00,"12,200.00",2024-02-26
879,HRL,2024022605001403,28,8,30.00,610.00,"18,300.00",2024-02-26
880,HRL,2024022605001404,28,34,10.00,610.00,"6,100.00",2024-02-26
881,HRL,2024022605001405,28,8,30.00,610.00,"18,300.00",2024-02-26
882,HRL,2024022605001408,28,8,30.00,610.00,"18,300.00",2024-02-26
883,HRL,2024022605001409,72,39,10.00,609.20,"6,092.00",2024-02-26
884,HRL,2024022605001412,72,8,30.00,609.20,"18,276.00",2024-02-26
885,HRL,2024022605001418,72,38,10.00,609.20,"6,092.00",2024-02-26
886,HRL,2024022605001431,72,38,10.00,609.20,"6,092.00",2024-02-26
887,HRL,2024022605001432,45,57,10.00,610.00,"6,100.00",2024-02-26
888,HRL,2024022605001433,45,38,10.00,610.00,"6,100.00",2024-02-26
889,HRL,2024022605001434,45,49,30.00,610.00,"18,300.00",2024-02-26
890,HRL,2024022605001435,45,58,30.00,610.00,"18,300.00",2024-02-26
891,HRL,2024022605001436,45,49,20.00,610.00,"12,200.00",2024-02-26
892,HRL,2024022605001439,72,14,10.00,609.20,"6,092.00",2024-02-26
893,HRL,2024022605001441,72,53,10.00,609.20,"6,092.00",2024-02-26
894,HRL,2024022605001442,72,28,10.00,609.20,"6,092.00",2024-02-26
895,HRL,2024022605001443,72,38,10.00,609.20,"6,092.00",2024-02-26
896,HRL,2024022605001449,72,34,20.00,609.20,"12,184.00",2024-02-26
897,HRL,2024022605001450,72,28,10.00,609.20,"6,092.00",2024-02-26
898,HRL,2024022605001452,38,17,10.00,610.00,"6,100.00",2024-02-26
899,HRL,2024022605001453,72,34,30.00,609.20,"18,276.00",2024-02-26
900,HRL,2024022605001454,72,58,20.00,609.20,"12,184.00",2024-02-26
901,HRL,2024022605001455,72,22,10.00,609.20,"6,092.00",2024-02-26
902,HRL,2024022605001458,72,7,10.00,609.20,"6,092.00",2024-02-26
903,HRL,2024022605001459,46,7,20.00,609.20,"12,184.00",2024-02-26
904,HRL,2024022605001463,46,44,20.00,609.20,"12,184.00",2024-02-26
905,HRL,2024022605001464,46,34,50.00,609.20,"30,460.00",2024-02-26
906,HRL,2024022605001467,46,58,10.00,609.20,"6,092.00",2024-02-26
907,HRL,2024022605001469,49,26,10.00,609.10,"6,091.00",2024-02-26
908,HRL,2024022605001470,71,26,10.00,609.10,"6,091.00",2024-02-26
909,HRL,2024022605001471,71,14,20.00,609.10,"12,182.00",2024-02-26
910,HRL,2024022605001472,71,38,10.00,609.10,"6,091.00",2024-02-26
911,HRL,2024022605001473,71,46,100.00,609.10,"60,910.00",2024-02-26
912,HRL,2024022605001474,71,38,10.00,609.10,"6,091.00",2024-02-26
913,HRL,2024022605001475,45,58,100.00,609.20,"60,920.00",2024-02-26
914,HRL,2024022605001476,71,52,10.00,609.10,"6,091.00",2024-02-26
915,HRL,2024022605001481,71,58,10.00,609.10,"6,091.00",2024-02-26
916,HRL,2024022605001482,35,58,70.00,609.20,"42,644.00",2024-02-26
917,HRL,2024022605001483,35,34,10.00,609.20,"6,092.00",2024-02-26
918,HRL,2024022605001487,35,58,10.00,609.20,"6,092.00",2024-02-26
919,HRL,2024022605001506,35,44,30.00,609.20,"18,276.00",2024-02-26
920,HRL,2024022605001507,35,58,10.00,609.20,"6,092.00",2024-02-26
921,HRL,2024022605001511,35,52,10.00,609.20,"6,092.00",2024-02-26
922,HRL,2024022605001512,83,52,20.00,609.90,"12,198.00",2024-02-26
923,HRL,2024022605001513,83,45,30.00,609.90,"18,297.00",2024-02-26
924,HRL,2024022605001514,83,52,20.00,610.00,"12,200.00",2024-02-26
925,HRL,2024022605001515,83,52,10.00,610.00,"6,100.00",2024-02-26
926,HRL,2024022605001516,83,45,20.00,610.00,"12,200.00",2024-02-26
927,HRL,2024022605001517,83,32,10.00,610.00,"6,100.00",2024-02-26
928,HRL,2024022605001518,83,51,30.00,610.00,"18,300.00",2024-02-26
929,HRL,2024022605001519,83,56,10.00,610.00,"6,100.00",2024-02-26
930,HRL,2024022605001520,83,58,10.00,610.00,"6,100.00",2024-02-26
931,HRL,2024022605001521,83,45,10.00,610.00,"6,100.00",2024-02-26
932,HRL,2024022605001522,83,52,10.00,610.00,"6,100.00",2024-02-26
933,HRL,2024022605001523,83,19,20.00,610.00,"12,200.00",2024-02-26
934,HRL,2024022605001524,83,25,200.00,610.00,"122,000.00",2024-02-26
935,HRL,2024022605001525,83,29,10.00,610.00,"6,100.00",2024-02-26
936,HRL,2024022605001526,83,52,10.00,610.00,"6,100.00",2024-02-26
937,HRL,2024022605001527,83,35,30.00,610.00,"18,300.00",2024-02-26
938,HRL,2024022605001528,83,35,25.00,611.00,"15,275.00",2024-02-26
939,HRL,2024022605001529,83,35,10.00,611.00,"6,110.00",2024-02-26
940,HRL,2024022605001530,83,58,10.00,611.00,"6,110.00",2024-02-26
941,HRL,2024022605001531,83,57,10.00,611.00,"6,110.00",2024-02-26
942,HRL,2024022605001532,83,58,10.00,611.00,"6,110.00",2024-02-26
943,HRL,2024022605001533,83,58,10.00,611.00,"6,110.00",2024-02-26
944,HRL,2024022605001534,83,34,10.00,611.00,"6,110.00",2024-02-26
945,HRL,2024022605001535,83,45,20.00,611.00,"12,220.00",2024-02-26
946,HRL,2024022605001536,83,45,10.00,611.00,"6,110.00",2024-02-26
947,HRL,2024022605001537,83,59,20.00,612.00,"12,240.00",2024-02-26
948,HRL,2024022605001538,83,49,20.00,612.00,"12,240.00",2024-02-26
949,HRL,2024022605001539,83,17,10.00,612.00,"6,120.00",2024-02-26
950,HRL,2024022605001540,83,14,10.00,612.00,"6,120.00",2024-02-26
951,HRL,2024022605001541,83,34,20.00,612.00,"12,240.00",2024-02-26
952,HRL,2024022605001542,83,26,20.00,612.00,"12,240.00",2024-02-26
953,HRL,2024022605001543,83,54,10.00,612.00,"6,120.00",2024-02-26
954,HRL,2024022605001544,83,35,10.00,612.00,"6,120.00",2024-02-26
955,HRL,2024022605001545,83,53,20.00,612.00,"12,240.00",2024-02-26
956,HRL,2024022605001546,83,49,20.00,612.00,"12,240.00",2024-02-26
957,HRL,2024022605001547,83,34,10.00,612.00,"6,120.00",2024-02-26
958,HRL,2024022605001548,83,48,40.00,612.50,"24,500.00",2024-02-26
959,HRL,2024022605001549,83,49,20.00,612.50,"12,250.00",2024-02-26
960,HRL,2024022605001550,55,47,10.00,609.20,"6,092.00",2024-02-26
961,HRL,2024022605001551,17,35,10.00,609.90,"6,099.00",2024-02-26
962,HRL,2024022605001553,17,55,10.00,609.90,"6,099.00",2024-02-26
963,HRL,2024022605001554,55,55,30.00,609.20,"18,276.00",2024-02-26
964,HRL,2024022605001555,45,55,60.00,609.20,"36,552.00",2024-02-26
965,HRL,2024022605001557,26,32,20.00,610.00,"12,200.00",2024-02-26
966,HRL,2024022605001558,26,66,20.00,610.00,"12,200.00",2024-02-26
967,HRL,2024022605001559,26,34,10.00,610.00,"6,100.00",2024-02-26
968,HRL,2024022605001560,26,49,10.00,610.00,"6,100.00",2024-02-26
969,HRL,2024022605001562,26,21,10.00,610.00,"6,100.00",2024-02-26
970,HRL,2024022605001564,26,7,30.00,610.00,"18,300.00",2024-02-26
971,HRL,2024022605001565,7,57,10.00,611.50,"6,115.00",2024-02-26
972,HRL,2024022605001570,38,49,10.00,609.40,"6,094.00",2024-02-26
973,HRL,2024022605001571,26,52,100.00,610.00,"61,000.00",2024-02-26
974,HRL,2024022605001572,59,52,50.00,610.00,"30,500.00",2024-02-26
975,HRL,2024022605001573,59,41,20.00,610.00,"12,200.00",2024-02-26
976,HRL,2024022605001574,59,58,30.00,610.00,"18,300.00",2024-02-26
977,HRL,2024022605001575,59,53,10.00,610.00,"6,100.00",2024-02-26
978,HRL,2024022605001576,17,21,20.00,611.00,"12,220.00",2024-02-26
979,HRL,2024022605001577,59,52,10.00,610.00,"6,100.00",2024-02-26
980,HRL,2024022605001578,59,45,10.00,610.00,"6,100.00",2024-02-26
981,HRL,2024022605001579,59,29,10.00,610.00,"6,100.00",2024-02-26
982,HRL,2024022605001580,59,38,10.00,610.00,"6,100.00",2024-02-26
983,HRL,2024022605001581,58,38,10.00,610.10,"6,101.00",2024-02-26
984,HRL,2024022605001582,59,38,10.00,610.00,"6,100.00",2024-02-26
985,HRL,2024022605001587,59,42,20.00,610.00,"12,200.00",2024-02-26
986,HRL,2024022605001591,59,54,10.00,610.00,"6,100.00",2024-02-26
987,HRL,2024022605001592,59,38,10.00,610.00,"6,100.00",2024-02-26
988,HRL,2024022605001593,45,38,10.00,610.00,"6,100.00",2024-02-26
989,HRL,2024022605001598,58,57,10.00,610.10,"6,101.00",2024-02-26
990,HRL,2024022605001600,58,49,10.00,610.10,"6,101.00",2024-02-26
991,HRL,2024022605001603,45,45,10.00,610.00,"6,100.00",2024-02-26
992,HRL,2024022605001604,45,26,20.00,610.00,"12,200.00",2024-02-26
993,HRL,2024022605001605,26,26,10.00,610.00,"6,100.00",2024-02-26
994,HRL,2024022605001606,26,41,20.00,610.00,"12,200.00",2024-02-26
995,HRL,2024022605001608,26,11,20.00,610.00,"12,200.00",2024-02-26
996,HRL,2024022605001609,26,58,30.00,610.00,"18,300.00",2024-02-26
997,HRL,2024022605001611,17,54,10.00,610.10,"6,101.00",2024-02-26
998,HRL,2024022605001613,17,6,20.00,610.10,"12,202.00",2024-02-26
999,HRL,2024022605001614,58,6,10.00,610.10,"6,101.00",2024-02-26
1000,HRL,2024022605001615,26,6,20.00,610.00,"12,200.00",2024-02-26
1001,HRL,2024022605001616,32,49,10.00,610.00,"6,100.00",2024-02-26
1002,HRL,2024022605001617,32,45,10.00,610.00,"6,100.00",2024-02-26
1003,HRL,2024022605001618,14,91,10.00,611.00,"6,110.00",2024-02-26
1004,HRL,2024022605001620,32,21,20.00,610.00,"12,200.00",2024-02-26
1005,HRL,2024022605001624,32,35,10.00,610.00,"6,100.00",2024-02-26
1006,HRL,2024022605001625,32,45,10.00,610.00,"6,100.00",2024-02-26
1007,HRL,2024022605001626,32,58,10.00,610.00,"6,100.00",2024-02-26
1008,HRL,2024022605001627,32,54,10.00,610.00,"6,100.00",2024-02-26
1009,HRL,2024022605001628,32,58,10.00,610.00,"6,100.00",2024-02-26
1010,HRL,2024022605001629,32,58,10.00,610.00,"6,100.00",2024-02-26
1011,HRL,2024022605001645,16,6,40.00,610.10,"24,404.00",2024-02-26
1012,HRL,2024022605001646,16,47,20.00,610.10,"12,202.00",2024-02-26
1013,HRL,2024022605001647,16,35,10.00,610.10,"6,101.00",2024-02-26
1014,HRL,2024022605001648,16,59,10.00,610.10,"6,101.00",2024-02-26
1015,HRL,2024022605001649,16,45,10.00,610.10,"6,101.00",2024-02-26
1016,HRL,2024022605001650,19,42,10.00,611.00,"6,110.00",2024-02-26
1017,HRL,2024022605001652,16,58,10.00,610.10,"6,101.00",2024-02-26
1018,HRL,2024022605001655,16,58,10.00,610.10,"6,101.00",2024-02-26
1019,HRL,2024022605001656,16,59,10.00,610.10,"6,101.00",2024-02-26
1020,HRL,2024022605001658,16,52,20.00,610.10,"12,202.00",2024-02-26
1021,HRL,2024022605001660,14,21,10.00,611.50,"6,115.00",2024-02-26
1022,HRL,2024022605001663,19,40,10.00,611.00,"6,110.00",2024-02-26
1023,HRL,2024022605001664,19,77,10.00,611.00,"6,110.00",2024-02-26
1024,HRL,2024022605001670,39,38,30.00,611.00,"18,330.00",2024-02-26
1025,HRL,2024022605001671,19,38,40.00,611.00,"24,440.00",2024-02-26
1026,HRL,2024022605001672,19,42,10.00,611.00,"6,110.00",2024-02-26
1027,HRL,2024022605001673,19,59,20.00,611.00,"12,220.00",2024-02-26
1028,HRL,2024022605001674,19,58,10.00,611.00,"6,110.00",2024-02-26
1029,HRL,2024022605001675,32,55,100.00,611.00,"61,100.00",2024-02-26
1030,HRL,2024022605001684,71,41,10.00,610.20,"6,102.00",2024-02-26
1031,HRL,2024022605001686,71,58,30.00,610.20,"18,306.00",2024-02-26
1032,HRL,2024022605001687,71,14,10.00,610.20,"6,102.00",2024-02-26
1033,HRL,2024022605001689,57,58,10.00,611.00,"6,110.00",2024-02-26
1034,HRL,2024022605001690,57,42,10.00,611.00,"6,110.00",2024-02-26
1035,HRL,2024022605001691,57,42,10.00,611.00,"6,110.00",2024-02-26
1036,HRL,2024022605001692,57,58,10.00,611.00,"6,110.00",2024-02-26
1037,HRL,2024022605001698,86,52,10.00,611.80,"6,118.00",2024-02-26
1038,HRL,2024022605001699,86,38,10.00,611.80,"6,118.00",2024-02-26
1039,HRL,2024022605001700,86,25,50.00,611.90,"30,595.00",2024-02-26
1040,HRL,2024022605001701,86,58,20.00,612.00,"12,240.00",2024-02-26
1041,HRL,2024022605001702,86,33,200.00,612.00,"122,400.00",2024-02-26
1042,HRL,2024022605001703,86,58,30.00,612.00,"18,360.00",2024-02-26
1043,HRL,2024022605001704,86,42,20.00,612.00,"12,240.00",2024-02-26
1044,HRL,2024022605001705,86,62,10.00,612.00,"6,120.00",2024-02-26
1045,HRL,2024022605001706,86,32,10.00,612.00,"6,120.00",2024-02-26
1046,HRL,2024022605001707,86,35,10.00,612.00,"6,120.00",2024-02-26
1047,HRL,2024022605001708,86,21,20.00,612.00,"12,240.00",2024-02-26
1048,HRL,2024022605001709,86,56,10.00,612.50,"6,125.00",2024-02-26
1049,HRL,2024022605001710,86,25,100.00,612.50,"61,250.00",2024-02-26
1050,HRL,2024022605001711,11,52,30.00,611.10,"18,333.00",2024-02-26
1051,HRL,2024022605001714,36,26,20.00,612.00,"12,240.00",2024-02-26
1052,HRL,2024022605001716,36,7,20.00,612.00,"12,240.00",2024-02-26
1053,HRL,2024022605001717,16,21,20.00,612.20,"12,244.00",2024-02-26
1054,HRL,2024022605001718,7,58,10.00,612.50,"6,125.00",2024-02-26
1055,HRL,2024022605001720,7,25,10.00,612.50,"6,125.00",2024-02-26
1056,HRL,2024022605001721,7,58,10.00,612.50,"6,125.00",2024-02-26
1057,HRL,2024022605001724,45,7,20.00,612.60,"12,252.00",2024-02-26
1058,HRL,2024022605001725,16,46,10.00,612.80,"6,128.00",2024-02-26
1059,HRL,2024022605001726,16,58,10.00,612.80,"6,128.00",2024-02-26
1060,HRL,2024022605001727,16,47,10.00,612.80,"6,128.00",2024-02-26
1061,HRL,2024022605001728,52,52,10.00,613.00,"6,130.00",2024-02-26
1062,HRL,2024022605001729,52,36,10.00,613.00,"6,130.00",2024-02-26
1063,HRL,2024022605001730,71,4,10.00,613.00,"6,130.00",2024-02-26
1064,HRL,2024022605001731,71,58,10.00,613.00,"6,130.00",2024-02-26
1065,HRL,2024022605001732,71,35,100.00,613.00,"61,300.00",2024-02-26
1066,HRL,2024022605001733,71,58,10.00,613.00,"6,130.00",2024-02-26
1067,HRL,2024022605001734,71,49,10.00,613.00,"6,130.00",2024-02-26
1068,HRL,2024022605001735,71,58,10.00,613.00,"6,130.00",2024-02-26
1069,HRL,2024022605001736,71,87,10.00,613.00,"6,130.00",2024-02-26
1070,HRL,2024022605001737,71,7,10.00,613.00,"6,130.00",2024-02-26
1071,HRL,2024022605001739,71,7,20.00,613.00,"12,260.00",2024-02-26
1072,HRL,2024022605001741,71,7,20.00,613.00,"12,260.00",2024-02-26
1073,HRL,2024022605001743,11,58,10.00,614.00,"6,140.00",2024-02-26
1074,HRL,2024022605001744,11,58,10.00,614.00,"6,140.00",2024-02-26
1075,HRL,2024022605001745,11,45,10.00,614.00,"6,140.00",2024-02-26
1076,HRL,2024022605001746,11,58,10.00,614.00,"6,140.00",2024-02-26
1077,HRL,2024022605001747,11,58,10.00,614.00,"6,140.00",2024-02-26
1078,HRL,2024022605001748,11,49,10.00,614.00,"6,140.00",2024-02-26
1079,HRL,2024022605001749,11,49,10.00,614.00,"6,140.00",2024-02-26
1080,HRL,2024022605001750,11,62,10.00,614.00,"6,140.00",2024-02-26
1081,HRL,2024022605001751,11,41,20.00,614.00,"12,280.00",2024-02-26
1082,HRL,2024022605001752,71,58,30.00,613.00,"18,390.00",2024-02-26
1083,HRL,2024022605001753,71,35,10.00,613.00,"6,130.00",2024-02-26
1084,HRL,2024022605001760,71,7,20.00,613.00,"12,260.00",2024-02-26
1085,HRL,2024022605001761,71,52,10.00,613.00,"6,130.00",2024-02-26
1086,HRL,2024022605001763,71,8,10.00,613.00,"6,130.00",2024-02-26
1087,HRL,2024022605001767,71,49,10.00,613.00,"6,130.00",2024-02-26
1088,HRL,2024022605001769,71,28,10.00,613.00,"6,130.00",2024-02-26
1089,HRL,2024022605001770,71,49,10.00,613.00,"6,130.00",2024-02-26
1090,HRL,2024022605001772,71,52,10.00,613.00,"6,130.00",2024-02-26
1091,HRL,2024022605001773,71,49,10.00,613.10,"6,131.00",2024-02-26
1092,HRL,2024022605001775,71,17,20.00,613.10,"12,262.00",2024-02-26
1093,HRL,2024022605001777,71,56,20.00,613.10,"12,262.00",2024-02-26
1094,HRL,2024022605001781,4,20,30.00,613.20,"18,396.00",2024-02-26
1095,HRL,2024022605001783,4,5,10.00,613.20,"6,132.00",2024-02-26
1096,HRL,2024022605001792,71,7,20.00,613.40,"12,268.00",2024-02-26
1097,HRL,2024022605001793,71,58,10.00,613.40,"6,134.00",2024-02-26
1098,HRL,2024022605001796,45,45,10.00,613.50,"6,135.00",2024-02-26
1099,HRL,2024022605001813,45,58,15.00,613.50,"9,202.50",2024-02-26
1100,HRL,2024022605001814,71,17,30.00,613.40,"18,402.00",2024-02-26
1101,HRL,2024022605001815,4,58,15.00,613.50,"9,202.50",2024-02-26
1102,HRL,2024022605001816,4,21,20.00,614.00,"12,280.00",2024-02-26
1103,HRL,2024022605001817,4,38,40.00,614.00,"24,560.00",2024-02-26
1104,HRL,2024022605001818,4,25,10.00,614.00,"6,140.00",2024-02-26
1105,HRL,2024022605001822,62,59,20.00,614.60,"12,292.00",2024-02-26
1106,HRL,2024022605001823,62,57,100.00,614.80,"61,480.00",2024-02-26
1107,HRL,2024022605001824,62,52,20.00,614.90,"12,298.00",2024-02-26
1108,HRL,2024022605001825,62,19,40.00,615.00,"24,600.00",2024-02-26
1109,HRL,2024022605001826,62,58,10.00,615.00,"6,150.00",2024-02-26
1110,HRL,2024022605001827,62,56,30.00,615.00,"18,450.00",2024-02-26
1111,HRL,2024022605001828,62,14,30.00,615.00,"18,450.00",2024-02-26
1112,HRL,2024022605001829,62,4,30.00,615.00,"18,450.00",2024-02-26
1113,HRL,2024022605001830,62,42,10.00,615.00,"6,150.00",2024-02-26
1114,HRL,2024022605001831,62,58,20.00,615.00,"12,300.00",2024-02-26
1115,HRL,2024022605001832,62,22,10.00,615.00,"6,150.00",2024-02-26
1116,HRL,2024022605001833,62,58,20.00,615.00,"12,300.00",2024-02-26
1117,HRL,2024022605001834,62,42,20.00,615.00,"12,300.00",2024-02-26
1118,HRL,2024022605001835,62,34,20.00,615.00,"12,300.00",2024-02-26
1119,HRL,2024022605001836,62,41,10.00,615.00,"6,150.00",2024-02-26
1120,HRL,2024022605001837,62,51,20.00,615.00,"12,300.00",2024-02-26
1121,HRL,2024022605001838,62,58,10.00,615.00,"6,150.00",2024-02-26
1122,HRL,2024022605001839,62,51,10.00,615.00,"6,150.00",2024-02-26
1123,HRL,2024022605001840,62,58,20.00,615.00,"12,300.00",2024-02-26
1124,HRL,2024022605001841,62,49,10.00,615.00,"6,150.00",2024-02-26
1125,HRL,2024022605001842,62,21,30.00,615.00,"18,450.00",2024-02-26
1126,HRL,2024022605001843,62,38,10.00,615.00,"6,150.00",2024-02-26
1127,HRL,2024022605001844,62,38,10.00,615.00,"6,150.00",2024-02-26
1128,HRL,2024022605001845,62,58,10.00,615.00,"6,150.00",2024-02-26
1129,HRL,2024022605001846,62,58,10.00,615.00,"6,150.00",2024-02-26
1130,HRL,2024022605001847,62,17,"1,470.00",615.00,"904,050.00",2024-02-26
1131,HRL,2024022605001848,4,58,10.00,614.00,"6,140.00",2024-02-26
1132,HRL,2024022605001849,4,58,20.00,614.00,"12,280.00",2024-02-26
1133,HRL,2024022605001850,4,6,20.00,614.00,"12,280.00",2024-02-26
1134,HRL,2024022605001852,4,52,10.00,614.00,"6,140.00",2024-02-26
1135,HRL,2024022605001853,4,58,10.00,614.00,"6,140.00",2024-02-26
1136,HRL,2024022605001855,71,17,20.00,613.40,"12,268.00",2024-02-26
1137,HRL,2024022605001859,71,26,20.00,613.40,"12,268.00",2024-02-26
1138,HRL,2024022605001860,71,7,20.00,613.40,"12,268.00",2024-02-26
1139,HRL,2024022605001867,76,57,10.00,614.00,"6,140.00",2024-02-26
1140,HRL,2024022605001868,76,21,10.00,614.00,"6,140.00",2024-02-26
1141,HRL,2024022605001869,83,50,10.00,614.00,"6,140.00",2024-02-26
1142,HRL,2024022605001870,83,17,"1,530.00",615.00,"940,950.00",2024-02-26
1143,HRL,2024022605001871,83,38,20.00,615.00,"12,300.00",2024-02-26
1144,HRL,2024022605001872,83,19,10.00,615.00,"6,150.00",2024-02-26
1145,HRL,2024022605001873,83,44,10.00,615.00,"6,150.00",2024-02-26
1146,HRL,2024022605001874,83,1,10.00,615.00,"6,150.00",2024-02-26
1147,HRL,2024022605001875,83,58,30.00,615.00,"18,450.00",2024-02-26
1148,HRL,2024022605001876,83,41,10.00,615.00,"6,150.00",2024-02-26
1149,HRL,2024022605001877,83,4,25.00,615.00,"15,375.00",2024-02-26
1150,HRL,2024022605001878,83,58,10.00,615.00,"6,150.00",2024-02-26
1151,HRL,2024022605001879,83,49,10.00,615.00,"6,150.00",2024-02-26
1152,HRL,2024022605001880,83,57,30.00,615.00,"18,450.00",2024-02-26
1153,HRL,2024022605001881,83,65,30.00,615.00,"18,450.00",2024-02-26
1154,HRL,2024022605001882,83,21,10.00,615.00,"6,150.00",2024-02-26
1155,HRL,2024022605001883,83,57,20.00,615.00,"12,300.00",2024-02-26
1156,HRL,2024022605001884,83,58,10.00,615.00,"6,150.00",2024-02-26
1157,HRL,2024022605001885,83,57,20.00,615.00,"12,300.00",2024-02-26
1158,HRL,2024022605001886,83,57,30.00,615.00,"18,450.00",2024-02-26
1159,HRL,2024022605001887,83,57,20.00,615.00,"12,300.00",2024-02-26
1160,HRL,2024022605001888,83,16,20.00,615.00,"12,300.00",2024-02-26
1161,HRL,2024022605001889,83,51,10.00,615.00,"6,150.00",2024-02-26
1162,HRL,2024022605001890,83,57,20.00,615.00,"12,300.00",2024-02-26
1163,HRL,2024022605001891,83,35,10.00,615.00,"6,150.00",2024-02-26
1164,HRL,2024022605001892,83,5,30.00,615.00,"18,450.00",2024-02-26
1165,HRL,2024022605001893,83,58,10.00,615.00,"6,150.00",2024-02-26
1166,HRL,2024022605001894,83,57,20.00,615.00,"12,300.00",2024-02-26
1167,HRL,2024022605001895,83,58,20.00,615.00,"12,300.00",2024-02-26
1168,HRL,2024022605001896,83,58,15.00,615.00,"9,225.00",2024-02-26
1169,HRL,2024022605001897,71,38,10.00,613.40,"6,134.00",2024-02-26
1170,HRL,2024022605001904,76,58,10.00,614.00,"6,140.00",2024-02-26
1171,HRL,2024022605001905,76,34,10.00,614.00,"6,140.00",2024-02-26
1172,HRL,2024022605001906,16,18,10.00,613.50,"6,135.00",2024-02-26
1173,HRL,2024022605001908,37,52,30.00,613.60,"18,408.00",2024-02-26
1174,HRL,2024022605001909,76,58,10.00,615.00,"6,150.00",2024-02-26
1175,HRL,2024022605001916,37,7,20.00,613.60,"12,272.00",2024-02-26
1176,HRL,2024022605001919,71,22,20.00,613.60,"12,272.00",2024-02-26
1177,HRL,2024022605001922,71,48,10.00,613.60,"6,136.00",2024-02-26
1178,HRL,2024022605001923,71,58,20.00,613.60,"12,272.00",2024-02-26
1179,HRL,2024022605001924,71,42,20.00,614.00,"12,280.00",2024-02-26
1180,HRL,2024022605001925,71,49,10.00,614.90,"6,149.00",2024-02-26
1181,HRL,2024022605001926,71,35,20.00,615.00,"12,300.00",2024-02-26
1182,HRL,2024022605001927,71,58,20.00,615.00,"12,300.00",2024-02-26
1183,HRL,2024022605001928,71,57,10.00,615.00,"6,150.00",2024-02-26
1184,HRL,2024022605001929,71,51,10.00,615.00,"6,150.00",2024-02-26
1185,HRL,2024022605001930,71,58,100.00,615.00,"61,500.00",2024-02-26
1186,HRL,2024022605001931,71,42,100.00,615.00,"61,500.00",2024-02-26
1187,HRL,2024022605001932,71,57,10.00,615.00,"6,150.00",2024-02-26
1188,HRL,2024022605001933,71,58,10.00,615.00,"6,150.00",2024-02-26
1189,HRL,2024022605001934,71,16,10.00,615.00,"6,150.00",2024-02-26
1190,HRL,2024022605001935,71,41,10.00,615.00,"6,150.00",2024-02-26
1191,HRL,2024022605001936,71,21,10.00,615.00,"6,150.00",2024-02-26
1192,HRL,2024022605001937,71,57,10.00,615.00,"6,150.00",2024-02-26
1193,HRL,2024022605001938,71,57,10.00,615.00,"6,150.00",2024-02-26
1194,HRL,2024022605001939,71,6,20.00,615.00,"12,300.00",2024-02-26
1195,HRL,2024022605001940,71,41,10.00,615.00,"6,150.00",2024-02-26
1196,HRL,2024022605001941,71,4,10.00,615.00,"6,150.00",2024-02-26
1197,HRL,2024022605001942,71,36,10.00,615.00,"6,150.00",2024-02-26
1198,HRL,2024022605001943,71,57,20.00,615.00,"12,300.00",2024-02-26
1199,HRL,2024022605001944,71,89,40.00,615.00,"24,600.00",2024-02-26
1200,HRL,2024022605001945,71,28,10.00,615.00,"6,150.00",2024-02-26
1201,HRL,2024022605001946,71,7,10.00,615.00,"6,150.00",2024-02-26
1202,HRL,2024022605001947,71,49,10.00,615.00,"6,150.00",2024-02-26
1203,HRL,2024022605001948,71,26,100.00,615.00,"61,500.00",2024-02-26
1204,HRL,2024022605001949,71,52,10.00,615.00,"6,150.00",2024-02-26
1205,HRL,2024022605001950,71,41,20.00,615.00,"12,300.00",2024-02-26
1206,HRL,2024022605001951,71,28,10.00,615.00,"6,150.00",2024-02-26
1207,HRL,2024022605001952,71,45,10.00,615.00,"6,150.00",2024-02-26
1208,HRL,2024022605001953,71,61,30.00,615.00,"18,450.00",2024-02-26
1209,HRL,2024022605001954,71,36,10.00,615.00,"6,150.00",2024-02-26
1210,HRL,2024022605001955,71,56,10.00,615.00,"6,150.00",2024-02-26
1211,HRL,2024022605001956,71,89,20.00,615.00,"12,300.00",2024-02-26
1212,HRL,2024022605001957,71,49,10.00,615.00,"6,150.00",2024-02-26
1213,HRL,2024022605001958,71,51,10.00,615.00,"6,150.00",2024-02-26
1214,HRL,2024022605001959,71,58,10.00,615.00,"6,150.00",2024-02-26
1215,HRL,2024022605001960,71,53,10.00,615.00,"6,150.00",2024-02-26
1216,HRL,2024022605001961,71,58,10.00,615.00,"6,150.00",2024-02-26
1217,HRL,2024022605001962,71,55,30.00,615.00,"18,450.00",2024-02-26
1218,HRL,2024022605001963,71,54,10.00,615.00,"6,150.00",2024-02-26
1219,HRL,2024022605001964,71,35,10.00,615.00,"6,150.00",2024-02-26
1220,HRL,2024022605001965,71,42,20.00,615.00,"12,300.00",2024-02-26
1221,HRL,2024022605001966,71,89,10.00,615.00,"6,150.00",2024-02-26
1222,HRL,2024022605001967,71,38,10.00,615.00,"6,150.00",2024-02-26
1223,HRL,2024022605001968,71,11,20.00,615.00,"12,300.00",2024-02-26
1224,HRL,2024022605001969,71,58,10.00,615.00,"6,150.00",2024-02-26
1225,HRL,2024022605001970,71,58,20.00,615.00,"12,300.00",2024-02-26
1226,HRL,2024022605001971,71,58,10.00,615.00,"6,150.00",2024-02-26
1227,HRL,2024022605001972,71,58,10.00,615.00,"6,150.00",2024-02-26
1228,HRL,2024022605001973,71,57,70.00,615.00,"43,050.00",2024-02-26
1229,HRL,2024022605001976,43,32,10.00,614.00,"6,140.00",2024-02-26
1230,HRL,2024022605001977,43,21,10.00,614.90,"6,149.00",2024-02-26
1231,HRL,2024022605001978,43,57,80.00,615.00,"49,200.00",2024-02-26
1232,HRL,2024022605001979,37,44,10.00,613.70,"6,137.00",2024-02-26
1233,HRL,2024022605001981,16,43,10.00,614.00,"6,140.00",2024-02-26
1234,HRL,2024022605001982,16,57,590.00,615.00,"362,850.00",2024-02-26
1235,HRL,2024022605001983,37,22,20.00,613.70,"12,274.00",2024-02-26
1236,HRL,2024022605001984,86,57,260.00,615.00,"159,900.00",2024-02-26
1237,HRL,2024022605001985,86,50,10.00,615.00,"6,150.00",2024-02-26
1238,HRL,2024022605001986,86,35,20.00,615.00,"12,300.00",2024-02-26
1239,HRL,2024022605001987,86,35,10.00,615.00,"6,150.00",2024-02-26
1240,HRL,2024022605001988,86,58,20.00,615.00,"12,300.00",2024-02-26
1241,HRL,2024022605001989,86,7,10.00,615.00,"6,150.00",2024-02-26
1242,HRL,2024022605001990,86,45,10.00,615.00,"6,150.00",2024-02-26
1243,HRL,2024022605001991,86,35,10.00,615.00,"6,150.00",2024-02-26
1244,HRL,2024022605001992,86,58,10.00,615.00,"6,150.00",2024-02-26
1245,HRL,2024022605001993,86,35,10.00,615.00,"6,150.00",2024-02-26
1246,HRL,2024022605001994,86,45,20.00,615.00,"12,300.00",2024-02-26
1247,HRL,2024022605001995,86,7,30.00,615.00,"18,450.00",2024-02-26
1248,HRL,2024022605001996,86,42,20.00,615.00,"12,300.00",2024-02-26
1249,HRL,2024022605001997,86,74,30.00,615.00,"18,450.00",2024-02-26
1250,HRL,2024022605001998,86,58,20.00,615.00,"12,300.00",2024-02-26
1251,HRL,2024022605001999,86,58,10.00,615.00,"6,150.00",2024-02-26
1252,HRL,2024022605002000,86,95,500.00,615.00,"307,500.00",2024-02-26
1253,HRL,2024022605002003,57,17,20.00,615.00,"12,300.00",2024-02-26
1254,HRL,2024022605002004,57,34,20.00,615.00,"12,300.00",2024-02-26
1255,HRL,2024022605002005,57,58,20.00,615.00,"12,300.00",2024-02-26
1256,HRL,2024022605002007,39,45,10.00,614.00,"6,140.00",2024-02-26
1257,HRL,2024022605002009,39,55,10.00,614.00,"6,140.00",2024-02-26
1258,HRL,2024022605002010,37,58,10.00,614.10,"6,141.00",2024-02-26
1259,HRL,2024022605002011,76,40,10.00,615.10,"6,151.00",2024-02-26
1260,HRL,2024022605002013,37,41,10.00,614.10,"6,141.00",2024-02-26
1261,HRL,2024022605002015,8,43,30.00,614.10,"18,423.00",2024-02-26
1262,HRL,2024022605002017,76,6,10.00,615.10,"6,151.00",2024-02-26
1263,HRL,2024022605002018,76,7,10.00,615.20,"6,152.00",2024-02-26
1264,HRL,2024022605002019,8,58,10.00,614.10,"6,141.00",2024-02-26
1265,HRL,2024022605002020,8,7,20.00,614.10,"12,282.00",2024-02-26
1266,HRL,2024022605002022,8,43,30.00,614.10,"18,423.00",2024-02-26
1267,HRL,2024022605002024,49,44,20.00,615.00,"12,300.00",2024-02-26
1268,HRL,2024022605002025,49,47,10.00,615.20,"6,152.00",2024-02-26
1269,HRL,2024022605002026,49,39,10.00,615.40,"6,154.00",2024-02-26
1270,HRL,2024022605002027,49,22,50.00,615.50,"30,775.00",2024-02-26
1271,HRL,2024022605002028,49,49,10.00,615.50,"6,155.00",2024-02-26
1272,HRL,2024022605002029,49,58,40.00,615.50,"24,620.00",2024-02-26
1273,HRL,2024022605002030,49,16,20.00,615.50,"12,310.00",2024-02-26
1274,HRL,2024022605002031,49,49,20.00,615.50,"12,310.00",2024-02-26
1275,HRL,2024022605002032,49,6,10.00,615.90,"6,159.00",2024-02-26
1276,HRL,2024022605002033,49,43,40.00,615.90,"24,636.00",2024-02-26
1277,HRL,2024022605002038,49,22,10.00,615.90,"6,159.00",2024-02-26
1278,HRL,2024022605002039,11,34,10.00,616.00,"6,160.00",2024-02-26
1279,HRL,2024022605002040,11,25,10.00,616.00,"6,160.00",2024-02-26
1280,HRL,2024022605002041,11,35,10.00,616.00,"6,160.00",2024-02-26
1281,HRL,2024022605002042,11,55,20.00,616.00,"12,320.00",2024-02-26
1282,HRL,2024022605002049,4,54,10.00,616.00,"6,160.00",2024-02-26
1283,HRL,2024022605002051,49,58,10.00,615.90,"6,159.00",2024-02-26
1284,HRL,2024022605002052,49,49,10.00,615.90,"6,159.00",2024-02-26
1285,HRL,2024022605002053,49,58,30.00,615.90,"18,477.00",2024-02-26
1286,HRL,2024022605002054,49,58,10.00,615.90,"6,159.00",2024-02-26
1287,HRL,2024022605002058,57,38,10.00,615.00,"6,150.00",2024-02-26
1288,HRL,2024022605002059,57,7,20.00,615.00,"12,300.00",2024-02-26
1289,HRL,2024022605002068,14,58,10.00,616.00,"6,160.00",2024-02-26
1290,HRL,2024022605002069,14,21,30.00,616.00,"18,480.00",2024-02-26
1291,HRL,2024022605002070,57,52,30.00,615.00,"18,450.00",2024-02-26
1292,HRL,2024022605002071,57,21,10.00,615.00,"6,150.00",2024-02-26
1293,HRL,2024022605002072,57,58,10.00,615.00,"6,150.00",2024-02-26
1294,HRL,2024022605002073,57,65,20.00,615.00,"12,300.00",2024-02-26
1295,HRL,2024022605002074,38,65,30.00,615.00,"18,450.00",2024-02-26
1296,HRL,2024022605002076,72,58,10.00,615.90,"6,159.00",2024-02-26
1297,HRL,2024022605002077,72,21,90.00,616.00,"55,440.00",2024-02-26
1298,HRL,2024022605002078,38,51,10.00,615.00,"6,150.00",2024-02-26
1299,HRL,2024022605002080,38,66,20.00,615.00,"12,300.00",2024-02-26
1300,HRL,2024022605002081,38,16,10.00,615.00,"6,150.00",2024-02-26
1301,HRL,2024022605002082,38,66,20.00,615.00,"12,300.00",2024-02-26
1302,HRL,2024022605002087,39,66,380.00,615.00,"233,700.00",2024-02-26
1303,HRL,2024022605002088,39,58,10.00,615.00,"6,150.00",2024-02-26
1304,HRL,2024022605002089,39,49,10.00,615.00,"6,150.00",2024-02-26
1305,HRL,2024022605002091,39,7,20.00,615.00,"12,300.00",2024-02-26
1306,HRL,2024022605002092,39,48,10.00,615.00,"6,150.00",2024-02-26
1307,HRL,2024022605002093,39,58,40.00,615.00,"24,600.00",2024-02-26
1308,HRL,2024022605002094,39,45,10.00,615.00,"6,150.00",2024-02-26
1309,HRL,2024022605002097,45,66,20.00,614.90,"12,298.00",2024-02-26
1310,HRL,2024022605002098,45,34,10.00,614.90,"6,149.00",2024-02-26
1311,HRL,2024022605002099,45,39,20.00,614.90,"12,298.00",2024-02-26
1312,HRL,2024022605002102,8,39,20.00,614.10,"12,282.00",2024-02-26
1313,HRL,2024022605002103,8,46,10.00,614.10,"6,141.00",2024-02-26
1314,HRL,2024022605002107,34,39,20.00,614.90,"12,298.00",2024-02-26
1315,HRL,2024022605002108,8,7,20.00,614.10,"12,282.00",2024-02-26
1316,HRL,2024022605002109,8,45,130.00,614.10,"79,833.00",2024-02-26
1317,HRL,2024022605002110,45,45,360.00,614.10,"221,076.00",2024-02-26
1318,HRL,2024022605002111,45,66,20.00,614.10,"12,282.00",2024-02-26
1319,HRL,2024022605002112,45,38,10.00,614.10,"6,141.00",2024-02-26
1320,HRL,2024022605002113,45,45,30.00,614.10,"18,423.00",2024-02-26
1321,HRL,2024022605002114,45,57,10.00,614.10,"6,141.00",2024-02-26
1322,HRL,2024022605002115,45,58,10.00,614.10,"6,141.00",2024-02-26
1323,HRL,2024022605002116,45,32,10.00,614.10,"6,141.00",2024-02-26
1324,HRL,2024022605002117,45,48,550.00,614.10,"337,755.00",2024-02-26
1325,HRL,2024022605002118,44,8,10.00,613.70,"6,137.00",2024-02-26
1326,HRL,2024022605002119,39,48,450.00,614.00,"276,300.00",2024-02-26
1327,HRL,2024022605002120,39,58,10.00,614.10,"6,141.00",2024-02-26
1328,HRL,2024022605002121,39,16,10.00,614.10,"6,141.00",2024-02-26
1329,HRL,2024022605002122,39,58,10.00,614.10,"6,141.00",2024-02-26
1330,HRL,2024022605002123,39,42,330.00,614.10,"202,653.00",2024-02-26
1331,HRL,2024022605002125,39,35,10.00,614.10,"6,141.00",2024-02-26
1332,HRL,2024022605002131,55,51,10.00,614.20,"6,142.00",2024-02-26
1333,HRL,2024022605002136,39,28,30.00,614.10,"18,423.00",2024-02-26
1334,HRL,2024022605002139,7,45,20.00,614.20,"12,284.00",2024-02-26
1335,HRL,2024022605002141,7,6,10.00,614.20,"6,142.00",2024-02-26
1336,HRL,2024022605002143,7,7,20.00,614.20,"12,284.00",2024-02-26
1337,HRL,2024022605002144,7,58,10.00,614.20,"6,142.00",2024-02-26
1338,HRL,2024022605002145,57,39,10.00,614.90,"6,149.00",2024-02-26
1339,HRL,2024022605002146,57,20,20.00,614.90,"12,298.00",2024-02-26
1340,HRL,2024022605002147,7,58,10.00,614.20,"6,142.00",2024-02-26
1341,HRL,2024022605002148,7,45,10.00,614.20,"6,142.00",2024-02-26
1342,HRL,2024022605002149,7,58,20.00,614.20,"12,284.00",2024-02-26
1343,HRL,2024022605002150,7,58,30.00,614.20,"18,426.00",2024-02-26
1344,HRL,2024022605002153,7,26,40.00,614.20,"24,568.00",2024-02-26
1345,HRL,2024022605002154,26,26,10.00,614.20,"6,142.00",2024-02-26
1346,HRL,2024022605002155,39,26,50.00,614.10,"30,705.00",2024-02-26
1347,HRL,2024022605002156,39,7,20.00,614.10,"12,282.00",2024-02-26
1348,HRL,2024022605002157,76,45,10.00,614.90,"6,149.00",2024-02-26
1349,HRL,2024022605002158,76,58,10.00,615.00,"6,150.00",2024-02-26
1350,HRL,2024022605002159,39,45,20.00,614.10,"12,282.00",2024-02-26
1351,HRL,2024022605002161,39,42,20.00,614.10,"12,282.00",2024-02-26
1352,HRL,2024022605002162,39,14,30.00,614.10,"18,423.00",2024-02-26
1353,HRL,2024022605002163,39,20,10.00,614.10,"6,141.00",2024-02-26
1354,HRL,2024022605002164,17,20,10.00,614.00,"6,140.00",2024-02-26
1355,HRL,2024022605002165,17,45,10.00,614.00,"6,140.00",2024-02-26
1356,HRL,2024022605002166,17,34,10.00,614.00,"6,140.00",2024-02-26
1357,HRL,2024022605002168,17,41,10.00,614.00,"6,140.00",2024-02-26
1358,HRL,2024022605002169,17,58,10.00,614.00,"6,140.00",2024-02-26
1359,HRL,2024022605002174,17,58,10.00,614.00,"6,140.00",2024-02-26
1360,HRL,2024022605002175,17,20,20.00,614.00,"12,280.00",2024-02-26
1361,HRL,2024022605002176,17,52,20.00,614.00,"12,280.00",2024-02-26
1362,HRL,2024022605002177,50,52,10.00,614.00,"6,140.00",2024-02-26
1363,HRL,2024022605002178,50,42,10.00,614.00,"6,140.00",2024-02-26
1364,HRL,2024022605002182,50,41,10.00,614.00,"6,140.00",2024-02-26
1365,HRL,2024022605002183,50,52,30.00,614.00,"18,420.00",2024-02-26
1366,HRL,2024022605002187,50,52,30.00,614.00,"18,420.00",2024-02-26
1367,HRL,2024022605002189,50,20,20.00,614.00,"12,280.00",2024-02-26
1368,HRL,2024022605002190,58,38,7.00,605.00,"4,235.00",2024-02-26
1369,HRL,2024022605002191,50,20,20.00,614.00,"12,280.00",2024-02-26
1370,HRL,2024022605002192,50,49,10.00,614.00,"6,140.00",2024-02-26
1371,HRL,2024022605002200,50,14,10.00,614.00,"6,140.00",2024-02-26
1372,HRL,2024022605002202,42,58,10.00,614.10,"6,141.00",2024-02-26
1373,HRL,2024022605002204,42,20,20.00,614.10,"12,282.00",2024-02-26
1374,HRL,2024022605002206,42,7,20.00,614.10,"12,282.00",2024-02-26
1375,HRL,2024022605002207,49,4,10.00,614.90,"6,149.00",2024-02-26
1376,HRL,2024022605002208,49,49,20.00,615.00,"12,300.00",2024-02-26
1377,HRL,2024022605002209,49,11,10.00,615.00,"6,150.00",2024-02-26
1378,HRL,2024022605002210,49,35,10.00,615.00,"6,150.00",2024-02-26
1379,HRL,2024022605002211,49,58,10.00,615.00,"6,150.00",2024-02-26
1380,HRL,2024022605002212,49,19,30.00,615.00,"18,450.00",2024-02-26
1381,HRL,2024022605002213,49,42,10.00,615.00,"6,150.00",2024-02-26
1382,HRL,2024022605002214,49,42,10.00,615.00,"6,150.00",2024-02-26
1383,HRL,2024022605002215,49,20,10.00,615.00,"6,150.00",2024-02-26
1384,HRL,2024022605002216,49,19,15.00,615.00,"9,225.00",2024-02-26
1385,HRL,2024022605002217,49,66,10.00,615.00,"6,150.00",2024-02-26
1386,HRL,2024022605002218,49,34,20.00,615.00,"12,300.00",2024-02-26
1387,HRL,2024022605002219,49,55,10.00,615.00,"6,150.00",2024-02-26
1388,HRL,2024022605002220,49,34,10.00,615.00,"6,150.00",2024-02-26
1389,HRL,2024022605002221,49,49,10.00,615.00,"6,150.00",2024-02-26
1390,HRL,2024022605002222,49,34,10.00,615.00,"6,150.00",2024-02-26
1391,HRL,2024022605002223,49,58,30.00,615.00,"18,450.00",2024-02-26
1392,HRL,2024022605002224,49,57,10.00,615.00,"6,150.00",2024-02-26
1393,HRL,2024022605002225,49,58,40.00,615.00,"24,600.00",2024-02-26
1394,HRL,2024022605002226,49,25,150.00,615.00,"92,250.00",2024-02-26
1395,HRL,2024022605002227,49,34,10.00,615.00,"6,150.00",2024-02-26
1396,HRL,2024022605002228,49,58,10.00,615.00,"6,150.00",2024-02-26
1397,HRL,2024022605002229,49,38,10.00,615.00,"6,150.00",2024-02-26
1398,HRL,2024022605002230,49,58,10.00,615.00,"6,150.00",2024-02-26
1399,HRL,2024022605002238,49,28,10.00,615.00,"6,150.00",2024-02-26
1400,HRL,2024022605002243,49,36,10.00,615.00,"6,150.00",2024-02-26
1401,HRL,2024022605002244,49,58,5.00,615.00,"3,075.00",2024-02-26
1402,HRL,2024022605002245,16,6,10.00,615.00,"6,150.00",2024-02-26
1403,HRL,2024022605002246,49,6,10.00,615.00,"6,150.00",2024-02-26
1404,HRL,2024022605002248,49,43,10.00,615.00,"6,150.00",2024-02-26
1405,HRL,2024022605002255,49,75,10.00,615.00,"6,150.00",2024-02-26
1406,HRL,2024022605002256,57,21,50.00,616.00,"30,800.00",2024-02-26
1407,HRL,2024022605002263,49,14,10.00,615.00,"6,150.00",2024-02-26
1408,HRL,2024022605002264,49,28,10.00,615.00,"6,150.00",2024-02-26
1409,HRL,2024022605002265,42,21,30.00,616.00,"18,480.00",2024-02-26
1410,HRL,2024022605002266,42,42,10.00,616.00,"6,160.00",2024-02-26
1411,HRL,2024022605002267,42,85,10.00,616.00,"6,160.00",2024-02-26
1412,HRL,2024022605002268,42,58,10.00,616.00,"6,160.00",2024-02-26
1413,HRL,2024022605002269,42,48,20.00,616.00,"12,320.00",2024-02-26
1414,HRL,2024022605002270,42,48,20.00,616.00,"12,320.00",2024-02-26
1415,HRL,2024022605002271,42,6,20.00,616.00,"12,320.00",2024-02-26
1416,HRL,2024022605002272,42,57,10.00,616.00,"6,160.00",2024-02-26
1417,HRL,2024022605002273,42,49,20.00,616.00,"12,320.00",2024-02-26
1418,HRL,2024022605002274,42,49,10.00,616.00,"6,160.00",2024-02-26
1419,HRL,2024022605002275,42,62,10.00,616.00,"6,160.00",2024-02-26
1420,HRL,2024022605002276,42,49,10.00,616.00,"6,160.00",2024-02-26
1421,HRL,2024022605002277,42,19,10.00,616.00,"6,160.00",2024-02-26
1422,HRL,2024022605002278,42,52,10.00,616.00,"6,160.00",2024-02-26
1423,HRL,2024022605002279,49,18,30.00,615.00,"18,450.00",2024-02-26
1424,HRL,2024022605002285,49,7,20.00,615.00,"12,300.00",2024-02-26
1425,HRL,2024022605002286,49,59,20.00,615.00,"12,300.00",2024-02-26
1426,HRL,2024022605002287,49,42,10.00,615.00,"6,150.00",2024-02-26
1427,HRL,2024022605002288,49,94,10.00,615.00,"6,150.00",2024-02-26
1428,HRL,2024022605002289,49,58,20.00,615.00,"12,300.00",2024-02-26
1429,HRL,2024022605002291,49,4,20.00,615.00,"12,300.00",2024-02-26
1430,HRL,2024022605002296,49,58,30.00,615.00,"18,450.00",2024-02-26
1431,HRL,2024022605002297,49,43,10.00,615.00,"6,150.00",2024-02-26
1432,HRL,2024022605002298,49,28,10.00,615.00,"6,150.00",2024-02-26
1433,HRL,2024022605002299,49,38,30.00,615.00,"18,450.00",2024-02-26
1434,HRL,2024022605002301,49,14,100.00,615.00,"61,500.00",2024-02-26
1435,HRL,2024022605002304,49,7,20.00,615.00,"12,300.00",2024-02-26
1436,HRL,2024022605002305,49,36,20.00,615.00,"12,300.00",2024-02-26
1437,HRL,2024022605002306,49,43,10.00,615.00,"6,150.00",2024-02-26
1438,HRL,2024022605002307,49,49,20.00,615.00,"12,300.00",2024-02-26
1439,HRL,2024022605002313,49,3,30.00,615.00,"18,450.00",2024-02-26
1440,HRL,2024022605002314,49,58,10.00,615.00,"6,150.00",2024-02-26
1441,HRL,2024022605002316,49,4,20.00,615.00,"12,300.00",2024-02-26
1442,HRL,2024022605002317,49,43,10.00,615.00,"6,150.00",2024-02-26
1443,HRL,2024022605002318,16,43,10.00,615.00,"6,150.00",2024-02-26
1444,HRL,2024022605002319,47,43,20.00,615.00,"12,300.00",2024-02-26
1445,HRL,2024022605002320,58,38,5.00,605.00,"3,025.00",2024-02-26
1446,HRL,2024022605002322,42,43,10.00,614.10,"6,141.00",2024-02-26
1447,HRL,2024022605002327,42,75,10.00,614.10,"6,141.00",2024-02-26
1448,HRL,2024022605002328,42,58,10.00,614.10,"6,141.00",2024-02-26
1449,HRL,2024022605002329,42,39,10.00,614.10,"6,141.00",2024-02-26
1450,HRL,2024022605002330,42,55,10.00,614.10,"6,141.00",2024-02-26
1451,HRL,2024022605002331,50,55,10.00,614.00,"6,140.00",2024-02-26
1452,HRL,2024022605002332,50,28,20.00,614.00,"12,280.00",2024-02-26
1453,HRL,2024022605002333,50,52,10.00,614.00,"6,140.00",2024-02-26
1454,HRL,2024022605002334,50,43,10.00,614.00,"6,140.00",2024-02-26
1455,HRL,2024022605002335,50,1,10.00,614.00,"6,140.00",2024-02-26
1456,HRL,2024022605002337,50,35,10.00,614.00,"6,140.00",2024-02-26
1457,HRL,2024022605002338,50,38,10.00,614.00,"6,140.00",2024-02-26
1458,HRL,2024022605002344,50,49,20.00,614.00,"12,280.00",2024-02-26
1459,HRL,2024022605002345,50,56,50.00,614.00,"30,700.00",2024-02-26
1460,HRL,2024022605002346,45,56,600.00,614.00,"368,400.00",2024-02-26
1461,HRL,2024022605002347,58,56,20.00,614.00,"12,280.00",2024-02-26
1462,HRL,2024022605002348,39,56,930.00,614.00,"571,020.00",2024-02-26
1463,HRL,2024022605002350,39,48,20.00,614.00,"12,280.00",2024-02-26
1464,HRL,2024022605002351,39,59,50.00,614.00,"30,700.00",2024-02-26
1465,HRL,2024022605002352,44,39,10.00,613.70,"6,137.00",2024-02-26
1466,HRL,2024022605002362,44,32,10.00,613.70,"6,137.00",2024-02-26
1467,HRL,2024022605002363,16,34,25.00,613.90,"15,347.50",2024-02-26
1468,HRL,2024022605002364,16,5,20.00,614.00,"12,280.00",2024-02-26
1469,HRL,2024022605002365,44,28,20.00,613.70,"12,274.00",2024-02-26
1470,HRL,2024022605002371,44,28,10.00,613.70,"6,137.00",2024-02-26
1471,HRL,2024022605002373,44,45,10.00,613.70,"6,137.00",2024-02-26
1472,HRL,2024022605002374,44,5,130.00,613.70,"79,781.00",2024-02-26
1473,HRL,2024022605002375,37,5,10.00,613.10,"6,131.00",2024-02-26
1474,HRL,2024022605002376,37,75,10.00,613.10,"6,131.00",2024-02-26
1475,HRL,2024022605002380,16,32,20.00,614.00,"12,280.00",2024-02-26
1476,HRL,2024022605002381,16,29,10.00,614.00,"6,140.00",2024-02-26
1477,HRL,2024022605002382,16,26,25.00,614.00,"15,350.00",2024-02-26
1478,HRL,2024022605002383,37,38,30.00,613.10,"18,393.00",2024-02-26
1479,HRL,2024022605002384,49,38,50.00,613.00,"30,650.00",2024-02-26
1480,HRL,2024022605002385,45,38,100.00,613.00,"61,300.00",2024-02-26
1481,HRL,2024022605002387,71,58,10.00,612.30,"6,123.00",2024-02-26
1482,HRL,2024022605002388,45,38,120.00,613.00,"73,560.00",2024-02-26
1483,HRL,2024022605002390,45,7,20.00,613.00,"12,260.00",2024-02-26
1484,HRL,2024022605002392,45,20,20.00,613.00,"12,260.00",2024-02-26
1485,HRL,2024022605002399,45,58,10.00,613.00,"6,130.00",2024-02-26
1486,HRL,2024022605002402,45,35,10.00,613.00,"6,130.00",2024-02-26
1487,HRL,2024022605002404,45,57,10.00,613.00,"6,130.00",2024-02-26
1488,HRL,2024022605002405,45,42,10.00,613.00,"6,130.00",2024-02-26
1489,HRL,2024022605002406,71,7,20.00,612.30,"12,246.00",2024-02-26
1490,HRL,2024022605002409,71,43,30.00,612.30,"18,369.00",2024-02-26
1491,HRL,2024022605002415,34,43,30.00,612.40,"18,372.00",2024-02-26
1492,HRL,2024022605002416,28,42,15.00,613.00,"9,195.00",2024-02-26
1493,HRL,2024022605002417,28,34,10.00,613.00,"6,130.00",2024-02-26
1494,HRL,2024022605002427,34,34,10.00,612.40,"6,124.00",2024-02-26
1495,HRL,2024022605002429,34,58,20.00,612.40,"12,248.00",2024-02-26
1496,HRL,2024022605002430,34,32,10.00,612.40,"6,124.00",2024-02-26
1497,HRL,2024022605002431,34,8,100.00,612.40,"61,240.00",2024-02-26
1498,HRL,2024022605002432,34,94,130.00,612.40,"79,612.00",2024-02-26
1499,HRL,2024022605002433,71,94,370.00,612.30,"226,551.00",2024-02-26
1500,HRL,2024022605002434,14,35,10.00,612.20,"6,122.00",2024-02-26
