SN,Symbol,Transaction No.,Buyer Broker,Seller Broker,Share Quantity,Rate(Rs),Amount(Rs),Traded Date
1,HRL,2024032505000008,55,42,10.00,607.00,"6,070.00",2024-03-25
2,HRL,2024032505000013,58,7,10.00,607.00,"6,070.00",2024-03-25
3,HRL,2024032505000014,58,19,10.00,607.00,"6,070.00",2024-03-25
4,HRL,2024032505000019,6,38,10.00,607.00,"6,070.00",2024-03-25
5,HRL,2024032505000029,26,44,10.00,608.00,"6,080.00",2024-03-25
6,HRL,2024032505000030,26,76,10.00,608.00,"6,080.00",2024-03-25
7,HRL,2024032505000031,6,76,31.00,607.00,"18,817.00",2024-03-25
8,HRL,2024032505000040,90,55,10.00,607.00,"6,070.00",2024-03-25
9,HRL,2024032505000042,90,38,10.00,607.00,"6,070.00",2024-03-25
10,HRL,2024032505000045,22,42,10.00,609.00,"6,090.00",2024-03-25
11,HRL,2024032505000049,22,42,20.00,609.00,"12,180.00",2024-03-25
12,HRL,2024032505000050,22,3,10.00,609.00,"6,090.00",2024-03-25
13,HRL,2024032505000051,22,11,20.00,609.00,"12,180.00",2024-03-25
14,HRL,2024032505000053,16,42,50.00,608.00,"30,400.00",2024-03-25
15,HRL,2024032505000054,14,42,100.00,607.20,"60,720.00",2024-03-25
16,HRL,2024032505000055,87,42,28.00,607.10,"16,998.80",2024-03-25
17,HRL,2024032505000056,90,42,10.00,607.00,"6,070.00",2024-03-25
18,HRL,2024032505000057,35,42,200.00,607.00,"121,400.00",2024-03-25
19,HRL,2024032505000058,22,42,50.00,607.00,"30,350.00",2024-03-25
20,HRL,2024032505000067,48,42,50.00,607.00,"30,350.00",2024-03-25
21,HRL,2024032505000068,49,42,30.00,607.00,"18,210.00",2024-03-25
22,HRL,2024032505000070,28,42,182.00,607.00,"110,474.00",2024-03-25
23,HRL,2024032505000071,28,49,10.00,607.00,"6,070.00",2024-03-25
24,HRL,2024032505000073,28,17,108.00,607.00,"65,556.00",2024-03-25
25,HRL,2024032505000074,42,17,100.00,607.00,"60,700.00",2024-03-25
26,HRL,2024032505000075,21,17,25.00,607.00,"15,175.00",2024-03-25
27,HRL,2024032505000076,55,26,10.00,606.80,"6,068.00",2024-03-25
28,HRL,2024032505000077,55,47,20.00,606.80,"12,136.00",2024-03-25
29,HRL,2024032505000082,55,38,10.00,606.80,"6,068.00",2024-03-25
30,HRL,2024032505000083,55,13,10.00,606.80,"6,068.00",2024-03-25
31,HRL,2024032505000084,58,13,90.00,606.70,"54,603.00",2024-03-25
32,HRL,2024032505000085,74,13,50.00,606.60,"30,330.00",2024-03-25
33,HRL,2024032505000086,33,17,87.00,607.00,"52,809.00",2024-03-25
34,HRL,2024032505000087,33,58,10.00,607.00,"6,070.00",2024-03-25
35,HRL,2024032505000089,26,53,50.00,606.50,"30,325.00",2024-03-25
36,HRL,2024032505000090,42,53,50.00,606.00,"30,300.00",2024-03-25
37,HRL,2024032505000091,35,53,100.00,606.00,"60,600.00",2024-03-25
38,HRL,2024032505000092,47,53,50.00,606.00,"30,300.00",2024-03-25
39,HRL,2024032505000093,19,53,70.00,605.00,"42,350.00",2024-03-25
40,HRL,2024032505000095,16,47,20.00,606.60,"12,132.00",2024-03-25
41,HRL,2024032505000098,19,50,20.00,605.00,"12,100.00",2024-03-25
42,HRL,2024032505000099,4,6,10.00,606.50,"6,065.00",2024-03-25
43,HRL,2024032505000101,4,25,40.00,606.50,"24,260.00",2024-03-25
44,HRL,2024032505000102,19,35,10.00,605.00,"6,050.00",2024-03-25
45,HRL,2024032505000112,10,25,10.00,606.00,"6,060.00",2024-03-25
46,HRL,2024032505000113,21,49,10.00,606.00,"6,060.00",2024-03-25
47,HRL,2024032505000116,25,47,20.00,605.10,"12,102.00",2024-03-25
48,HRL,2024032505000121,49,42,50.00,605.20,"30,260.00",2024-03-25
49,HRL,2024032505000122,19,42,100.00,605.20,"60,520.00",2024-03-25
50,HRL,2024032505000123,25,42,230.00,605.10,"139,173.00",2024-03-25
51,HRL,2024032505000124,19,42,15.00,605.00,"9,075.00",2024-03-25
52,HRL,2024032505000125,41,42,30.00,605.00,"18,150.00",2024-03-25
53,HRL,2024032505000126,38,42,100.00,605.00,"60,500.00",2024-03-25
54,HRL,2024032505000129,47,42,50.00,605.00,"30,250.00",2024-03-25
55,HRL,2024032505000132,22,41,20.00,604.20,"12,084.00",2024-03-25
56,HRL,2024032505000133,22,58,20.00,604.20,"12,084.00",2024-03-25
57,HRL,2024032505000135,22,47,10.00,604.20,"6,042.00",2024-03-25
58,HRL,2024032505000136,14,47,10.00,603.20,"6,032.00",2024-03-25
59,HRL,2024032505000137,41,45,10.00,604.20,"6,042.00",2024-03-25
60,HRL,2024032505000138,1,42,44.00,605.00,"26,620.00",2024-03-25
61,HRL,2024032505000141,49,42,50.00,605.00,"30,250.00",2024-03-25
62,HRL,2024032505000143,57,42,30.00,605.00,"18,150.00",2024-03-25
63,HRL,2024032505000146,41,7,10.00,604.20,"6,042.00",2024-03-25
64,HRL,2024032505000147,1,7,10.00,603.30,"6,033.00",2024-03-25
65,HRL,2024032505000148,1,32,90.00,603.30,"54,297.00",2024-03-25
66,HRL,2024032505000149,14,32,90.00,603.20,"54,288.00",2024-03-25
67,HRL,2024032505000150,49,32,50.00,603.20,"30,160.00",2024-03-25
68,HRL,2024032505000151,57,32,100.00,603.10,"60,310.00",2024-03-25
69,HRL,2024032505000152,41,32,170.00,603.00,"102,510.00",2024-03-25
70,HRL,2024032505000154,41,69,530.00,603.00,"319,590.00",2024-03-25
71,HRL,2024032505000160,1,13,100.00,602.10,"60,210.00",2024-03-25
72,HRL,2024032505000163,13,49,10.00,602.00,"6,020.00",2024-03-25
73,HRL,2024032505000168,40,25,10.00,602.10,"6,021.00",2024-03-25
74,HRL,2024032505000170,22,58,10.00,602.20,"6,022.00",2024-03-25
75,HRL,2024032505000172,22,52,10.00,602.20,"6,022.00",2024-03-25
76,HRL,2024032505000174,22,34,20.00,602.20,"12,044.00",2024-03-25
77,HRL,2024032505000181,22,68,10.00,602.20,"6,022.00",2024-03-25
78,HRL,2024032505000182,41,68,10.00,602.20,"6,022.00",2024-03-25
79,HRL,2024032505000183,40,47,20.00,602.10,"12,042.00",2024-03-25
80,HRL,2024032505000185,40,41,10.00,602.10,"6,021.00",2024-03-25
81,HRL,2024032505000186,40,17,10.00,602.10,"6,021.00",2024-03-25
82,HRL,2024032505000187,49,35,10.00,602.20,"6,022.00",2024-03-25
83,HRL,2024032505000190,7,36,20.00,602.90,"12,058.00",2024-03-25
84,HRL,2024032505000197,37,46,20.00,602.10,"12,042.00",2024-03-25
85,HRL,2024032505000205,59,36,20.00,602.90,"12,058.00",2024-03-25
86,HRL,2024032505000214,41,14,10.00,603.00,"6,030.00",2024-03-25
87,HRL,2024032505000215,41,58,10.00,603.00,"6,030.00",2024-03-25
88,HRL,2024032505000216,41,35,10.00,603.00,"6,030.00",2024-03-25
89,HRL,2024032505000224,90,35,10.00,603.00,"6,030.00",2024-03-25
90,HRL,2024032505000228,90,35,10.00,603.00,"6,030.00",2024-03-25
91,HRL,2024032505000230,44,42,27.00,603.00,"16,281.00",2024-03-25
92,HRL,2024032505000232,41,58,10.00,604.00,"6,040.00",2024-03-25
93,HRL,2024032505000236,44,58,10.00,603.00,"6,030.00",2024-03-25
94,HRL,2024032505000237,44,47,20.00,603.00,"12,060.00",2024-03-25
95,HRL,2024032505000238,44,53,20.00,603.00,"12,060.00",2024-03-25
96,HRL,2024032505000239,44,17,10.00,603.00,"6,030.00",2024-03-25
97,HRL,2024032505000246,1,25,10.00,603.10,"6,031.00",2024-03-25
98,HRL,2024032505000248,1,34,20.00,603.10,"12,062.00",2024-03-25
99,HRL,2024032505000249,1,38,10.00,603.10,"6,031.00",2024-03-25
100,HRL,2024032505000250,41,49,10.00,604.00,"6,040.00",2024-03-25
101,HRL,2024032505000251,1,47,20.00,603.10,"12,062.00",2024-03-25
102,HRL,2024032505000255,34,47,20.00,603.20,"12,064.00",2024-03-25
103,HRL,2024032505000257,58,49,10.00,604.00,"6,040.00",2024-03-25
104,HRL,2024032505000262,67,17,10.00,604.10,"6,041.00",2024-03-25
105,HRL,2024032505000264,67,46,10.00,604.10,"6,041.00",2024-03-25
106,HRL,2024032505000265,67,7,10.00,604.10,"6,041.00",2024-03-25
107,HRL,2024032505000266,67,11,10.00,604.10,"6,041.00",2024-03-25
108,HRL,2024032505000270,67,28,20.00,604.10,"12,082.00",2024-03-25
109,HRL,2024032505000277,35,49,10.00,605.00,"6,050.00",2024-03-25
110,HRL,2024032505000278,35,8,10.00,605.00,"6,050.00",2024-03-25
111,HRL,2024032505000279,35,38,10.00,605.00,"6,050.00",2024-03-25
112,HRL,2024032505000283,67,58,10.00,604.10,"6,041.00",2024-03-25
113,HRL,2024032505000284,58,1,18.00,605.00,"10,890.00",2024-03-25
114,HRL,2024032505000292,58,1,12.00,605.00,"7,260.00",2024-03-25
115,HRL,2024032505000293,58,59,10.00,605.00,"6,050.00",2024-03-25
116,HRL,2024032505000296,49,58,10.00,605.00,"6,050.00",2024-03-25
117,HRL,2024032505000298,67,54,30.00,604.10,"18,123.00",2024-03-25
118,HRL,2024032505000299,47,54,20.00,604.00,"12,080.00",2024-03-25
119,HRL,2024032505000303,47,42,10.00,604.00,"6,040.00",2024-03-25
120,HRL,2024032505000305,47,49,10.00,604.00,"6,040.00",2024-03-25
121,HRL,2024032505000308,47,62,10.00,604.00,"6,040.00",2024-03-25
122,HRL,2024032505000309,54,69,30.00,603.60,"18,108.00",2024-03-25
123,HRL,2024032505000310,25,69,50.00,603.50,"30,175.00",2024-03-25
124,HRL,2024032505000312,25,67,30.00,603.50,"18,105.00",2024-03-25
125,HRL,2024032505000313,32,67,10.00,603.50,"6,035.00",2024-03-25
126,HRL,2024032505000314,44,67,150.00,603.30,"90,495.00",2024-03-25
127,HRL,2024032505000315,8,67,20.00,603.30,"12,066.00",2024-03-25
128,HRL,2024032505000316,34,67,30.00,603.20,"18,096.00",2024-03-25
129,HRL,2024032505000317,1,67,40.00,603.10,"24,124.00",2024-03-25
130,HRL,2024032505000318,44,67,13.00,603.00,"7,839.00",2024-03-25
131,HRL,2024032505000319,59,67,500.00,603.00,"301,500.00",2024-03-25
132,HRL,2024032505000320,35,67,100.00,603.00,"60,300.00",2024-03-25
133,HRL,2024032505000321,25,67,51.00,603.00,"30,753.00",2024-03-25
134,HRL,2024032505000322,42,67,100.00,603.00,"60,300.00",2024-03-25
135,HRL,2024032505000328,52,69,100.00,602.30,"60,230.00",2024-03-25
136,HRL,2024032505000329,10,69,20.00,602.20,"12,044.00",2024-03-25
137,HRL,2024032505000330,55,69,100.00,602.20,"60,220.00",2024-03-25
138,HRL,2024032505000331,19,69,180.00,602.20,"108,396.00",2024-03-25
139,HRL,2024032505000332,47,49,10.00,602.30,"6,023.00",2024-03-25
140,HRL,2024032505000333,47,67,22.00,603.00,"13,266.00",2024-03-25
141,HRL,2024032505000336,45,67,10.00,603.00,"6,030.00",2024-03-25
142,HRL,2024032505000337,38,67,200.00,603.00,"120,600.00",2024-03-25
143,HRL,2024032505000340,49,62,20.00,602.50,"12,050.00",2024-03-25
144,HRL,2024032505000341,1,14,10.00,602.40,"6,024.00",2024-03-25
145,HRL,2024032505000343,14,67,"1,000.00",603.00,"603,000.00",2024-03-25
146,HRL,2024032505000347,21,67,25.00,603.00,"15,075.00",2024-03-25
147,HRL,2024032505000348,25,94,10.00,602.50,"6,025.00",2024-03-25
148,HRL,2024032505000349,41,67,30.00,603.00,"18,090.00",2024-03-25
149,HRL,2024032505000352,8,67,500.00,603.00,"301,500.00",2024-03-25
150,HRL,2024032505000353,19,67,40.00,603.00,"24,120.00",2024-03-25
151,HRL,2024032505000358,25,45,10.00,602.50,"6,025.00",2024-03-25
152,HRL,2024032505000359,8,67,500.00,603.00,"301,500.00",2024-03-25
153,HRL,2024032505000360,25,62,10.00,602.50,"6,025.00",2024-03-25
154,HRL,2024032505000363,25,58,10.00,602.50,"6,025.00",2024-03-25
155,HRL,2024032505000364,47,67,30.00,603.00,"18,090.00",2024-03-25
156,HRL,2024032505000367,45,45,9.00,595.00,"5,355.00",2024-03-25
157,HRL,2024032505000369,39,39,20.00,602.60,"12,052.00",2024-03-25
158,HRL,2024032505000370,45,45,9.00,595.00,"5,355.00",2024-03-25
159,HRL,2024032505000375,45,45,2.00,595.00,"1,190.00",2024-03-25
160,HRL,2024032505000376,48,42,40.00,602.60,"24,104.00",2024-03-25
161,HRL,2024032505000377,48,49,10.00,602.60,"6,026.00",2024-03-25
162,HRL,2024032505000378,48,51,10.00,602.60,"6,026.00",2024-03-25
163,HRL,2024032505000381,1,67,15.00,603.00,"9,045.00",2024-03-25
164,HRL,2024032505000390,34,58,20.00,602.70,"12,054.00",2024-03-25
165,HRL,2024032505000391,34,56,20.00,602.70,"12,054.00",2024-03-25
166,HRL,2024032505000392,52,67,50.00,603.00,"30,150.00",2024-03-25
167,HRL,2024032505000395,34,14,10.00,602.70,"6,027.00",2024-03-25
168,HRL,2024032505000397,34,52,10.00,602.70,"6,027.00",2024-03-25
169,HRL,2024032505000398,25,67,60.00,603.00,"36,180.00",2024-03-25
170,HRL,2024032505000400,34,42,30.00,602.70,"18,081.00",2024-03-25
171,HRL,2024032505000402,34,58,10.00,602.70,"6,027.00",2024-03-25
172,HRL,2024032505000404,45,52,10.00,602.60,"6,026.00",2024-03-25
173,HRL,2024032505000406,45,42,10.00,602.60,"6,026.00",2024-03-25
174,HRL,2024032505000407,49,42,10.00,602.50,"6,025.00",2024-03-25
175,HRL,2024032505000410,1,67,474.00,603.00,"285,822.00",2024-03-25
176,HRL,2024032505000411,1,94,10.00,603.00,"6,030.00",2024-03-25
177,HRL,2024032505000412,1,58,30.00,603.00,"18,090.00",2024-03-25
178,HRL,2024032505000413,1,57,20.00,603.00,"12,060.00",2024-03-25
179,HRL,2024032505000414,1,49,20.00,603.00,"12,060.00",2024-03-25
180,HRL,2024032505000415,1,17,10.00,603.00,"6,030.00",2024-03-25
181,HRL,2024032505000416,1,70,120.00,603.00,"72,360.00",2024-03-25
182,HRL,2024032505000419,55,49,10.00,603.00,"6,030.00",2024-03-25
183,HRL,2024032505000421,55,39,20.00,603.00,"12,060.00",2024-03-25
184,HRL,2024032505000425,39,38,20.00,604.00,"12,080.00",2024-03-25
185,HRL,2024032505000426,55,38,10.00,604.00,"6,040.00",2024-03-25
186,HRL,2024032505000427,55,58,20.00,605.00,"12,100.00",2024-03-25
187,HRL,2024032505000428,55,40,15.00,605.00,"9,075.00",2024-03-25
188,HRL,2024032505000429,55,7,800.00,605.00,"484,000.00",2024-03-25
189,HRL,2024032505000430,55,47,10.00,605.00,"6,050.00",2024-03-25
190,HRL,2024032505000431,55,34,10.00,605.00,"6,050.00",2024-03-25
191,HRL,2024032505000432,55,35,10.00,605.00,"6,050.00",2024-03-25
192,HRL,2024032505000433,55,62,920.00,605.00,"556,600.00",2024-03-25
193,HRL,2024032505000435,49,49,20.00,606.00,"12,120.00",2024-03-25
194,HRL,2024032505000436,49,49,30.00,606.00,"18,180.00",2024-03-25
195,HRL,2024032505000437,49,49,10.00,606.00,"6,060.00",2024-03-25
196,HRL,2024032505000438,49,43,20.00,606.00,"12,120.00",2024-03-25
197,HRL,2024032505000439,49,19,10.00,606.00,"6,060.00",2024-03-25
198,HRL,2024032505000440,49,58,10.00,606.00,"6,060.00",2024-03-25
199,HRL,2024032505000441,49,11,20.00,606.00,"12,120.00",2024-03-25
200,HRL,2024032505000442,49,58,10.00,606.00,"6,060.00",2024-03-25
201,HRL,2024032505000443,49,47,10.00,606.00,"6,060.00",2024-03-25
202,HRL,2024032505000450,49,58,10.00,606.00,"6,060.00",2024-03-25
203,HRL,2024032505000454,41,76,10.00,606.10,"6,061.00",2024-03-25
204,HRL,2024032505000456,41,38,10.00,606.10,"6,061.00",2024-03-25
205,HRL,2024032505000457,41,48,180.00,606.10,"109,098.00",2024-03-25
206,HRL,2024032505000458,49,48,30.00,606.00,"18,180.00",2024-03-25
207,HRL,2024032505000460,49,22,10.00,606.00,"6,060.00",2024-03-25
208,HRL,2024032505000462,49,69,10.00,606.00,"6,060.00",2024-03-25
209,HRL,2024032505000463,19,69,100.00,606.00,"60,600.00",2024-03-25
210,HRL,2024032505000464,59,69,300.00,605.10,"181,530.00",2024-03-25
211,HRL,2024032505000465,55,69,"2,090.00",605.00,"1,264,450.00",2024-03-25
212,HRL,2024032505000475,7,33,10.00,606.50,"6,065.00",2024-03-25
213,HRL,2024032505000476,7,7,10.00,606.50,"6,065.00",2024-03-25
214,HRL,2024032505000477,7,42,10.00,606.50,"6,065.00",2024-03-25
215,HRL,2024032505000478,7,58,20.00,606.50,"12,130.00",2024-03-25
216,HRL,2024032505000481,55,3,10.00,605.00,"6,050.00",2024-03-25
217,HRL,2024032505000482,39,39,20.00,606.50,"12,130.00",2024-03-25
218,HRL,2024032505000483,55,44,10.00,605.00,"6,050.00",2024-03-25
219,HRL,2024032505000485,55,40,10.00,605.00,"6,050.00",2024-03-25
220,HRL,2024032505000490,55,52,10.00,605.00,"6,050.00",2024-03-25
221,HRL,2024032505000491,55,50,500.00,605.00,"302,500.00",2024-03-25
222,HRL,2024032505000492,55,35,10.00,605.00,"6,050.00",2024-03-25
223,HRL,2024032505000499,39,39,20.00,606.50,"12,130.00",2024-03-25
224,HRL,2024032505000501,42,4,10.00,606.00,"6,060.00",2024-03-25
225,HRL,2024032505000502,42,44,10.00,606.00,"6,060.00",2024-03-25
226,HRL,2024032505000507,42,56,10.00,606.00,"6,060.00",2024-03-25
227,HRL,2024032505000513,57,28,50.00,606.10,"30,305.00",2024-03-25
228,HRL,2024032505000514,42,28,120.00,606.00,"72,720.00",2024-03-25
229,HRL,2024032505000515,41,28,50.00,606.00,"30,300.00",2024-03-25
230,HRL,2024032505000518,36,68,15.00,606.50,"9,097.50",2024-03-25
231,HRL,2024032505000519,41,68,35.00,606.00,"21,210.00",2024-03-25
232,HRL,2024032505000520,41,51,15.00,606.00,"9,090.00",2024-03-25
233,HRL,2024032505000522,29,6,20.00,605.30,"12,106.00",2024-03-25
234,HRL,2024032505000523,61,36,40.00,606.90,"24,276.00",2024-03-25
235,HRL,2024032505000524,61,45,20.00,606.90,"12,138.00",2024-03-25
236,HRL,2024032505000527,29,28,80.00,605.30,"48,424.00",2024-03-25
237,HRL,2024032505000529,74,69,50.00,605.50,"30,275.00",2024-03-25
238,HRL,2024032505000530,49,69,10.00,605.40,"6,054.00",2024-03-25
239,HRL,2024032505000531,29,69,150.00,605.30,"90,795.00",2024-03-25
240,HRL,2024032505000532,1,69,100.00,605.20,"60,520.00",2024-03-25
241,HRL,2024032505000533,13,69,150.00,605.20,"90,780.00",2024-03-25
242,HRL,2024032505000534,19,69,50.00,605.10,"30,255.00",2024-03-25
243,HRL,2024032505000535,26,69,100.00,605.10,"60,510.00",2024-03-25
244,HRL,2024032505000536,57,69,50.00,605.10,"30,255.00",2024-03-25
245,HRL,2024032505000537,41,69,20.00,605.10,"12,102.00",2024-03-25
246,HRL,2024032505000538,55,69,"3,565.00",605.00,"2,156,825.00",2024-03-25
247,HRL,2024032505000539,55,69,"5,000.00",605.00,"3,025,000.00",2024-03-25
248,HRL,2024032505000540,55,69,50.00,605.00,"30,250.00",2024-03-25
249,HRL,2024032505000541,45,69,10.00,605.00,"6,050.00",2024-03-25
250,HRL,2024032505000542,42,69,60.00,604.00,"36,240.00",2024-03-25
251,HRL,2024032505000543,48,69,30.00,603.30,"18,099.00",2024-03-25
252,HRL,2024032505000544,34,69,50.00,603.30,"30,165.00",2024-03-25
253,HRL,2024032505000545,34,69,100.00,603.20,"60,320.00",2024-03-25
254,HRL,2024032505000546,14,69,50.00,603.10,"30,155.00",2024-03-25
255,HRL,2024032505000547,1,69,106.00,603.10,"63,928.60",2024-03-25
256,HRL,2024032505000548,34,69,299.00,603.10,"180,326.90",2024-03-25
257,HRL,2024032505000549,45,45,9.00,595.00,"5,355.00",2024-03-25
258,HRL,2024032505000550,55,45,10.00,606.00,"6,060.00",2024-03-25
259,HRL,2024032505000552,45,45,9.00,595.00,"5,355.00",2024-03-25
260,HRL,2024032505000553,58,3,100.00,605.50,"60,550.00",2024-03-25
261,HRL,2024032505000554,34,69,110.00,603.10,"66,341.00",2024-03-25
262,HRL,2024032505000555,45,45,2.00,595.00,"1,190.00",2024-03-25
263,HRL,2024032505000561,42,25,30.00,605.00,"18,150.00",2024-03-25
264,HRL,2024032505000562,55,25,"3,960.00",605.00,"2,395,800.00",2024-03-25
265,HRL,2024032505000565,54,3,50.00,605.50,"30,275.00",2024-03-25
266,HRL,2024032505000566,36,38,10.00,605.10,"6,051.00",2024-03-25
267,HRL,2024032505000567,36,58,10.00,605.10,"6,051.00",2024-03-25
268,HRL,2024032505000568,36,42,10.00,605.10,"6,051.00",2024-03-25
269,HRL,2024032505000571,36,4,10.00,605.10,"6,051.00",2024-03-25
270,HRL,2024032505000572,38,3,60.00,605.50,"36,330.00",2024-03-25
271,HRL,2024032505000573,52,3,100.00,605.50,"60,550.00",2024-03-25
272,HRL,2024032505000574,42,3,100.00,605.50,"60,550.00",2024-03-25
273,HRL,2024032505000578,54,3,50.00,605.50,"30,275.00",2024-03-25
274,HRL,2024032505000584,43,50,10.00,605.20,"6,052.00",2024-03-25
275,HRL,2024032505000586,36,66,10.00,605.10,"6,051.00",2024-03-25
276,HRL,2024032505000587,52,45,30.00,605.40,"18,162.00",2024-03-25
277,HRL,2024032505000590,36,54,10.00,605.10,"6,051.00",2024-03-25
278,HRL,2024032505000593,35,49,10.00,605.20,"6,052.00",2024-03-25
279,HRL,2024032505000594,36,26,100.00,606.00,"60,600.00",2024-03-25
280,HRL,2024032505000595,36,58,10.00,606.00,"6,060.00",2024-03-25
281,HRL,2024032505000596,36,58,20.00,606.00,"12,120.00",2024-03-25
282,HRL,2024032505000597,38,58,170.00,607.00,"103,190.00",2024-03-25
283,HRL,2024032505000598,38,11,20.00,607.00,"12,140.00",2024-03-25
284,HRL,2024032505000599,38,55,10.00,607.00,"6,070.00",2024-03-25
285,HRL,2024032505000600,38,58,20.00,607.00,"12,140.00",2024-03-25
286,HRL,2024032505000601,38,58,10.00,607.00,"6,070.00",2024-03-25
287,HRL,2024032505000602,38,20,10.00,607.00,"6,070.00",2024-03-25
288,HRL,2024032505000603,38,7,10.00,607.00,"6,070.00",2024-03-25
289,HRL,2024032505000604,38,7,10.00,607.00,"6,070.00",2024-03-25
290,HRL,2024032505000605,38,55,10.00,607.00,"6,070.00",2024-03-25
291,HRL,2024032505000606,38,35,10.00,607.00,"6,070.00",2024-03-25
292,HRL,2024032505000607,1,21,11.00,608.00,"6,688.00",2024-03-25
293,HRL,2024032505000612,38,7,10.00,607.00,"6,070.00",2024-03-25
294,HRL,2024032505000614,34,58,20.00,607.10,"12,142.00",2024-03-25
295,HRL,2024032505000617,38,32,20.00,607.00,"12,140.00",2024-03-25
296,HRL,2024032505000618,38,42,10.00,607.00,"6,070.00",2024-03-25
297,HRL,2024032505000622,1,1,10.00,608.00,"6,080.00",2024-03-25
298,HRL,2024032505000623,1,44,10.00,608.00,"6,080.00",2024-03-25
299,HRL,2024032505000624,1,3,10.00,608.00,"6,080.00",2024-03-25
300,HRL,2024032505000625,1,21,170.00,608.00,"103,360.00",2024-03-25
301,HRL,2024032505000627,1,21,39.00,608.00,"23,712.00",2024-03-25
302,HRL,2024032505000630,1,42,10.00,608.00,"6,080.00",2024-03-25
303,HRL,2024032505000633,43,25,100.00,608.50,"60,850.00",2024-03-25
304,HRL,2024032505000638,45,58,10.00,608.50,"6,085.00",2024-03-25
305,HRL,2024032505000640,45,49,10.00,608.50,"6,085.00",2024-03-25
306,HRL,2024032505000644,45,69,80.00,608.50,"48,680.00",2024-03-25
307,HRL,2024032505000645,1,69,251.00,608.00,"152,608.00",2024-03-25
308,HRL,2024032505000646,33,69,100.00,608.00,"60,800.00",2024-03-25
309,HRL,2024032505000648,1,69,69.00,608.00,"41,952.00",2024-03-25
310,HRL,2024032505000649,1,77,10.00,608.80,"6,088.00",2024-03-25
311,HRL,2024032505000650,1,58,10.00,608.80,"6,088.00",2024-03-25
312,HRL,2024032505000651,1,38,10.00,608.80,"6,088.00",2024-03-25
313,HRL,2024032505000662,74,16,100.00,608.90,"60,890.00",2024-03-25
314,HRL,2024032505000663,34,45,20.00,608.00,"12,160.00",2024-03-25
315,HRL,2024032505000665,34,56,10.00,608.60,"6,086.00",2024-03-25
316,HRL,2024032505000666,47,16,100.00,608.90,"60,890.00",2024-03-25
317,HRL,2024032505000667,47,11,480.00,609.00,"292,320.00",2024-03-25
318,HRL,2024032505000668,47,87,10.00,609.00,"6,090.00",2024-03-25
319,HRL,2024032505000669,47,56,10.00,609.00,"6,090.00",2024-03-25
320,HRL,2024032505000670,47,33,10.00,609.00,"6,090.00",2024-03-25
321,HRL,2024032505000671,47,25,20.00,609.00,"12,180.00",2024-03-25
322,HRL,2024032505000672,47,16,10.00,609.00,"6,090.00",2024-03-25
323,HRL,2024032505000673,47,53,10.00,609.00,"6,090.00",2024-03-25
324,HRL,2024032505000674,47,4,10.00,609.00,"6,090.00",2024-03-25
325,HRL,2024032505000675,47,42,30.00,609.00,"18,270.00",2024-03-25
326,HRL,2024032505000681,57,45,10.00,610.00,"6,100.00",2024-03-25
327,HRL,2024032505000682,57,22,30.00,610.00,"18,300.00",2024-03-25
328,HRL,2024032505000683,57,75,10.00,610.00,"6,100.00",2024-03-25
329,HRL,2024032505000684,57,34,30.00,610.00,"18,300.00",2024-03-25
330,HRL,2024032505000685,57,49,10.00,610.00,"6,100.00",2024-03-25
331,HRL,2024032505000686,57,58,20.00,610.00,"12,200.00",2024-03-25
332,HRL,2024032505000687,57,1,20.00,610.00,"12,200.00",2024-03-25
333,HRL,2024032505000688,57,52,30.00,610.00,"18,300.00",2024-03-25
334,HRL,2024032505000689,57,53,10.00,610.00,"6,100.00",2024-03-25
335,HRL,2024032505000690,57,3,330.00,610.00,"201,300.00",2024-03-25
336,HRL,2024032505000691,19,3,170.00,610.00,"103,700.00",2024-03-25
337,HRL,2024032505000692,19,51,10.00,610.00,"6,100.00",2024-03-25
338,HRL,2024032505000693,19,42,10.00,610.00,"6,100.00",2024-03-25
339,HRL,2024032505000694,19,7,20.00,610.00,"12,200.00",2024-03-25
340,HRL,2024032505000695,19,58,10.00,610.00,"6,100.00",2024-03-25
341,HRL,2024032505000696,19,56,10.00,610.00,"6,100.00",2024-03-25
342,HRL,2024032505000697,19,38,10.00,610.00,"6,100.00",2024-03-25
343,HRL,2024032505000698,19,45,10.00,610.00,"6,100.00",2024-03-25
344,HRL,2024032505000699,19,49,10.00,610.00,"6,100.00",2024-03-25
345,HRL,2024032505000700,19,48,10.00,610.00,"6,100.00",2024-03-25
346,HRL,2024032505000701,19,58,10.00,610.00,"6,100.00",2024-03-25
347,HRL,2024032505000702,19,49,10.00,610.00,"6,100.00",2024-03-25
348,HRL,2024032505000703,19,57,30.00,610.00,"18,300.00",2024-03-25
349,HRL,2024032505000704,19,94,10.00,610.00,"6,100.00",2024-03-25
350,HRL,2024032505000705,19,19,20.00,610.00,"12,200.00",2024-03-25
351,HRL,2024032505000706,19,45,20.00,610.00,"12,200.00",2024-03-25
352,HRL,2024032505000709,19,49,10.00,610.00,"6,100.00",2024-03-25
353,HRL,2024032505000712,32,36,10.00,612.00,"6,120.00",2024-03-25
354,HRL,2024032505000713,32,35,90.00,612.00,"55,080.00",2024-03-25
355,HRL,2024032505000715,16,35,10.00,612.00,"6,120.00",2024-03-25
356,HRL,2024032505000716,16,56,10.00,612.00,"6,120.00",2024-03-25
357,HRL,2024032505000717,16,52,10.00,612.00,"6,120.00",2024-03-25
358,HRL,2024032505000718,16,48,10.00,612.00,"6,120.00",2024-03-25
359,HRL,2024032505000719,16,22,10.00,612.00,"6,120.00",2024-03-25
360,HRL,2024032505000720,16,52,10.00,612.00,"6,120.00",2024-03-25
361,HRL,2024032505000721,16,58,20.00,612.00,"12,240.00",2024-03-25
362,HRL,2024032505000722,16,35,20.00,612.00,"12,240.00",2024-03-25
363,HRL,2024032505000723,16,68,10.00,612.00,"6,120.00",2024-03-25
364,HRL,2024032505000726,38,3,100.00,613.80,"61,380.00",2024-03-25
365,HRL,2024032505000731,16,68,10.00,612.00,"6,120.00",2024-03-25
366,HRL,2024032505000735,39,14,20.00,613.00,"12,260.00",2024-03-25
367,HRL,2024032505000739,16,33,207.00,612.00,"126,684.00",2024-03-25
368,HRL,2024032505000740,41,33,100.00,612.00,"61,200.00",2024-03-25
369,HRL,2024032505000750,32,33,10.00,612.00,"6,120.00",2024-03-25
370,HRL,2024032505000766,42,4,10.00,610.10,"6,101.00",2024-03-25
371,HRL,2024032505000768,42,58,10.00,610.10,"6,101.00",2024-03-25
372,HRL,2024032505000770,42,41,10.00,610.10,"6,101.00",2024-03-25
373,HRL,2024032505000773,19,47,20.00,610.20,"12,204.00",2024-03-25
374,HRL,2024032505000774,19,58,20.00,610.20,"12,204.00",2024-03-25
375,HRL,2024032505000777,19,57,10.00,610.20,"6,102.00",2024-03-25
376,HRL,2024032505000778,19,35,10.00,610.20,"6,102.00",2024-03-25
377,HRL,2024032505000779,26,3,30.00,611.00,"18,330.00",2024-03-25
378,HRL,2024032505000781,26,54,10.00,611.00,"6,110.00",2024-03-25
379,HRL,2024032505000783,26,39,15.00,611.00,"9,165.00",2024-03-25
380,HRL,2024032505000785,19,33,440.00,612.00,"269,280.00",2024-03-25
381,HRL,2024032505000787,29,33,243.00,612.00,"148,716.00",2024-03-25
382,HRL,2024032505000788,29,35,10.00,612.00,"6,120.00",2024-03-25
383,HRL,2024032505000789,26,45,30.00,611.00,"18,330.00",2024-03-25
384,HRL,2024032505000790,26,66,10.00,611.00,"6,110.00",2024-03-25
385,HRL,2024032505000792,34,59,20.00,612.00,"12,240.00",2024-03-25
386,HRL,2024032505000793,19,14,80.00,613.00,"49,040.00",2024-03-25
387,HRL,2024032505000794,19,39,20.00,613.00,"12,260.00",2024-03-25
388,HRL,2024032505000795,19,55,10.00,613.00,"6,130.00",2024-03-25
389,HRL,2024032505000800,46,55,20.00,613.00,"12,260.00",2024-03-25
390,HRL,2024032505000808,34,38,20.00,612.00,"12,240.00",2024-03-25
391,HRL,2024032505000812,34,39,110.00,612.00,"67,320.00",2024-03-25
392,HRL,2024032505000813,8,39,40.00,612.00,"24,480.00",2024-03-25
393,HRL,2024032505000816,26,35,10.00,611.00,"6,110.00",2024-03-25
394,HRL,2024032505000823,25,57,10.00,613.00,"6,130.00",2024-03-25
395,HRL,2024032505000832,26,38,10.00,610.30,"6,103.00",2024-03-25
396,HRL,2024032505000835,29,21,43.00,611.00,"26,273.00",2024-03-25
397,HRL,2024032505000836,29,45,10.00,611.00,"6,110.00",2024-03-25
398,HRL,2024032505000837,29,52,10.00,612.00,"6,120.00",2024-03-25
399,HRL,2024032505000839,29,70,30.00,612.00,"18,360.00",2024-03-25
400,HRL,2024032505000843,49,57,10.00,612.00,"6,120.00",2024-03-25
401,HRL,2024032505000844,49,16,10.00,612.00,"6,120.00",2024-03-25
402,HRL,2024032505000845,49,38,20.00,612.00,"12,240.00",2024-03-25
403,HRL,2024032505000852,29,55,10.00,612.00,"6,120.00",2024-03-25
404,HRL,2024032505000853,35,62,30.00,612.00,"18,360.00",2024-03-25
405,HRL,2024032505000854,35,35,55.00,612.00,"33,660.00",2024-03-25
406,HRL,2024032505000855,46,35,500.00,612.00,"306,000.00",2024-03-25
407,HRL,2024032505000856,26,41,10.00,610.30,"6,103.00",2024-03-25
408,HRL,2024032505000857,26,56,10.00,610.30,"6,103.00",2024-03-25
409,HRL,2024032505000859,26,58,10.00,610.30,"6,103.00",2024-03-25
410,HRL,2024032505000860,7,52,10.00,611.00,"6,110.00",2024-03-25
411,HRL,2024032505000865,7,38,10.00,611.00,"6,110.00",2024-03-25
412,HRL,2024032505000866,49,38,10.00,611.00,"6,110.00",2024-03-25
413,HRL,2024032505000870,35,57,10.00,610.40,"6,104.00",2024-03-25
414,HRL,2024032505000876,35,83,10.00,610.40,"6,104.00",2024-03-25
415,HRL,2024032505000877,26,83,55.00,610.30,"33,566.50",2024-03-25
416,HRL,2024032505000878,29,83,30.00,610.20,"18,306.00",2024-03-25
417,HRL,2024032505000879,50,83,70.00,610.20,"42,714.00",2024-03-25
418,HRL,2024032505000880,42,83,70.00,610.10,"42,707.00",2024-03-25
419,HRL,2024032505000881,58,83,100.00,610.00,"61,000.00",2024-03-25
420,HRL,2024032505000882,46,83,500.00,610.00,"305,000.00",2024-03-25
421,HRL,2024032505000883,14,83,100.00,610.00,"61,000.00",2024-03-25
422,HRL,2024032505000884,57,83,200.00,610.00,"122,000.00",2024-03-25
423,HRL,2024032505000885,45,83,365.00,610.00,"222,650.00",2024-03-25
424,HRL,2024032505000887,45,21,10.00,610.00,"6,100.00",2024-03-25
425,HRL,2024032505000888,39,39,20.00,610.90,"12,218.00",2024-03-25
426,HRL,2024032505000896,45,55,20.00,610.00,"12,200.00",2024-03-25
427,HRL,2024032505000901,45,38,20.00,610.00,"12,200.00",2024-03-25
428,HRL,2024032505000902,45,8,85.00,610.00,"51,850.00",2024-03-25
429,HRL,2024032505000903,56,8,15.00,610.00,"9,150.00",2024-03-25
430,HRL,2024032505000904,56,83,25.00,610.00,"15,250.00",2024-03-25
431,HRL,2024032505000905,47,83,110.00,609.00,"66,990.00",2024-03-25
432,HRL,2024032505000906,42,83,30.00,609.00,"18,270.00",2024-03-25
433,HRL,2024032505000907,34,83,70.00,608.60,"42,602.00",2024-03-25
434,HRL,2024032505000908,42,83,50.00,608.00,"30,400.00",2024-03-25
435,HRL,2024032505000909,33,83,10.00,608.00,"6,080.00",2024-03-25
436,HRL,2024032505000910,38,83,180.00,607.00,"109,260.00",2024-03-25
437,HRL,2024032505000911,42,83,10.00,607.00,"6,070.00",2024-03-25
438,HRL,2024032505000912,52,83,15.00,606.10,"9,091.50",2024-03-25
439,HRL,2024032505000914,54,72,10.00,610.00,"6,100.00",2024-03-25
440,HRL,2024032505000915,54,57,100.00,610.00,"61,000.00",2024-03-25
441,HRL,2024032505000916,59,83,10.00,609.00,"6,090.00",2024-03-25
442,HRL,2024032505000917,52,83,150.00,606.10,"90,915.00",2024-03-25
443,HRL,2024032505000918,36,83,"3,070.00",606.00,"1,860,420.00",2024-03-25
444,HRL,2024032505000919,45,83,100.00,606.00,"60,600.00",2024-03-25
445,HRL,2024032505000920,41,83,170.00,606.00,"103,020.00",2024-03-25
446,HRL,2024032505000935,14,83,100.00,606.20,"60,620.00",2024-03-25
447,HRL,2024032505000936,13,83,90.00,606.10,"54,549.00",2024-03-25
448,HRL,2024032505000937,22,83,200.00,605.20,"121,040.00",2024-03-25
449,HRL,2024032505000938,36,83,40.00,605.10,"24,204.00",2024-03-25
450,HRL,2024032505000939,22,83,100.00,605.00,"60,500.00",2024-03-25
451,HRL,2024032505000940,19,83,300.00,605.00,"181,500.00",2024-03-25
452,HRL,2024032505000941,53,83,130.00,605.00,"78,650.00",2024-03-25
453,HRL,2024032505000942,42,83,20.00,605.00,"12,100.00",2024-03-25
454,HRL,2024032505000943,45,83,100.00,605.00,"60,500.00",2024-03-25
455,HRL,2024032505000944,42,83,100.00,605.00,"60,500.00",2024-03-25
456,HRL,2024032505000945,39,83,100.00,605.00,"60,500.00",2024-03-25
457,HRL,2024032505000946,38,83,100.00,605.00,"60,500.00",2024-03-25
458,HRL,2024032505000947,34,83,300.00,605.00,"181,500.00",2024-03-25
459,HRL,2024032505000948,26,83,50.00,605.00,"30,250.00",2024-03-25
460,HRL,2024032505000949,58,83,29.00,604.00,"17,516.00",2024-03-25
461,HRL,2024032505000950,17,83,50.00,603.30,"30,165.00",2024-03-25
462,HRL,2024032505000951,61,83,40.00,603.20,"24,128.00",2024-03-25
463,HRL,2024032505000952,67,83,100.00,603.20,"60,320.00",2024-03-25
464,HRL,2024032505000953,34,83,51.00,603.10,"30,758.10",2024-03-25
465,HRL,2024032505000956,58,57,10.00,604.00,"6,040.00",2024-03-25
466,HRL,2024032505000958,58,83,40.00,604.00,"24,160.00",2024-03-25
467,HRL,2024032505000959,16,83,100.00,604.00,"60,400.00",2024-03-25
468,HRL,2024032505000960,34,83,340.00,603.10,"205,054.00",2024-03-25
469,HRL,2024032505000961,57,83,20.00,603.10,"12,062.00",2024-03-25
470,HRL,2024032505000965,55,38,20.00,605.00,"12,100.00",2024-03-25
471,HRL,2024032505000975,55,83,"3,000.00",605.00,"1,815,000.00",2024-03-25
472,HRL,2024032505000977,7,42,10.00,606.00,"6,060.00",2024-03-25
473,HRL,2024032505000978,7,38,20.00,606.00,"12,120.00",2024-03-25
474,HRL,2024032505000979,7,56,10.00,606.00,"6,060.00",2024-03-25
475,HRL,2024032505000980,32,56,20.00,605.10,"12,102.00",2024-03-25
476,HRL,2024032505000984,38,72,10.00,606.00,"6,060.00",2024-03-25
477,HRL,2024032505000985,38,58,80.00,606.00,"48,480.00",2024-03-25
478,HRL,2024032505000986,38,40,10.00,606.00,"6,060.00",2024-03-25
479,HRL,2024032505000987,38,38,20.00,606.00,"12,120.00",2024-03-25
480,HRL,2024032505000989,38,1,10.00,606.00,"6,060.00",2024-03-25
481,HRL,2024032505000993,39,33,200.00,607.00,"121,400.00",2024-03-25
482,HRL,2024032505000994,38,38,20.00,606.00,"12,120.00",2024-03-25
483,HRL,2024032505000999,38,42,30.00,606.00,"18,180.00",2024-03-25
484,HRL,2024032505001001,39,39,20.00,606.50,"12,130.00",2024-03-25
485,HRL,2024032505001004,55,33,10.00,607.00,"6,070.00",2024-03-25
486,HRL,2024032505001007,8,33,110.00,607.00,"66,770.00",2024-03-25
487,HRL,2024032505001010,8,25,30.00,607.00,"18,210.00",2024-03-25
488,HRL,2024032505001011,8,58,20.00,607.00,"12,140.00",2024-03-25
489,HRL,2024032505001014,8,38,20.00,607.00,"12,140.00",2024-03-25
490,HRL,2024032505001016,8,29,30.00,607.00,"18,210.00",2024-03-25
491,HRL,2024032505001017,8,1,10.00,607.00,"6,070.00",2024-03-25
492,HRL,2024032505001018,59,34,10.00,608.00,"6,080.00",2024-03-25
493,HRL,2024032505001020,8,57,10.00,607.00,"6,070.00",2024-03-25
494,HRL,2024032505001028,8,34,10.00,607.00,"6,070.00",2024-03-25
495,HRL,2024032505001031,8,25,30.00,607.00,"18,210.00",2024-03-25
496,HRL,2024032505001033,8,13,20.00,607.00,"12,140.00",2024-03-25
497,HRL,2024032505001034,8,58,20.00,607.00,"12,140.00",2024-03-25
498,HRL,2024032505001035,8,16,10.00,607.00,"6,070.00",2024-03-25
499,HRL,2024032505001041,22,44,10.00,609.00,"6,090.00",2024-03-25
500,HRL,2024032505001042,22,29,10.00,609.00,"6,090.00",2024-03-25
501,HRL,2024032505001043,22,36,19.00,609.90,"11,588.10",2024-03-25
502,HRL,2024032505001044,42,21,25.00,607.00,"15,175.00",2024-03-25
503,HRL,2024032505001045,17,21,20.00,607.00,"12,140.00",2024-03-25
504,HRL,2024032505001046,13,21,55.00,607.00,"33,385.00",2024-03-25
505,HRL,2024032505001048,13,38,20.00,607.00,"12,140.00",2024-03-25
506,HRL,2024032505001055,39,39,20.00,608.00,"12,160.00",2024-03-25
507,HRL,2024032505001061,13,42,20.00,607.00,"12,140.00",2024-03-25
508,HRL,2024032505001067,38,16,10.00,606.00,"6,060.00",2024-03-25
509,HRL,2024032505001068,38,86,60.00,606.00,"36,360.00",2024-03-25
510,HRL,2024032505001069,11,86,440.00,606.00,"266,640.00",2024-03-25
511,HRL,2024032505001072,11,58,10.00,606.00,"6,060.00",2024-03-25
512,HRL,2024032505001078,11,40,20.00,606.00,"12,120.00",2024-03-25
513,HRL,2024032505001079,11,86,30.00,606.00,"18,180.00",2024-03-25
514,HRL,2024032505001080,29,86,52.00,606.00,"31,512.00",2024-03-25
515,HRL,2024032505001081,57,86,18.00,606.00,"10,908.00",2024-03-25
516,HRL,2024032505001083,57,58,10.00,606.00,"6,060.00",2024-03-25
517,HRL,2024032505001085,39,1,10.00,606.50,"6,065.00",2024-03-25
518,HRL,2024032505001086,39,39,10.00,607.00,"6,070.00",2024-03-25
519,HRL,2024032505001088,57,51,30.00,606.00,"18,180.00",2024-03-25
520,HRL,2024032505001091,57,35,10.00,606.00,"6,060.00",2024-03-25
521,HRL,2024032505001092,57,51,12.00,606.00,"7,272.00",2024-03-25
522,HRL,2024032505001093,68,51,18.00,606.00,"10,908.00",2024-03-25
523,HRL,2024032505001097,68,58,20.00,606.00,"12,120.00",2024-03-25
524,HRL,2024032505001108,11,49,10.00,606.10,"6,061.00",2024-03-25
525,HRL,2024032505001114,11,32,20.00,606.10,"12,122.00",2024-03-25
526,HRL,2024032505001115,49,34,10.00,606.50,"6,065.00",2024-03-25
527,HRL,2024032505001116,49,39,10.00,607.00,"6,070.00",2024-03-25
528,HRL,2024032505001117,49,41,10.00,607.00,"6,070.00",2024-03-25
529,HRL,2024032505001118,49,86,50.00,607.00,"30,350.00",2024-03-25
530,HRL,2024032505001119,49,42,20.00,607.00,"12,140.00",2024-03-25
531,HRL,2024032505001123,58,42,50.00,607.00,"30,350.00",2024-03-25
532,HRL,2024032505001124,1,58,10.00,606.30,"6,063.00",2024-03-25
533,HRL,2024032505001125,29,42,30.00,607.00,"18,210.00",2024-03-25
534,HRL,2024032505001126,29,58,20.00,607.00,"12,140.00",2024-03-25
535,HRL,2024032505001127,29,54,20.00,607.00,"12,140.00",2024-03-25
536,HRL,2024032505001128,29,7,10.00,607.00,"6,070.00",2024-03-25
537,HRL,2024032505001130,29,69,20.00,607.00,"12,140.00",2024-03-25
538,HRL,2024032505001134,25,69,10.00,607.00,"6,070.00",2024-03-25
539,HRL,2024032505001135,25,32,10.00,607.00,"6,070.00",2024-03-25
540,HRL,2024032505001136,25,39,20.00,607.00,"12,140.00",2024-03-25
541,HRL,2024032505001141,25,16,10.00,607.00,"6,070.00",2024-03-25
542,HRL,2024032505001145,34,29,20.00,607.00,"12,140.00",2024-03-25
543,HRL,2024032505001146,34,36,10.00,607.90,"6,079.00",2024-03-25
544,HRL,2024032505001155,45,26,10.00,607.10,"6,071.00",2024-03-25
545,HRL,2024032505001161,39,13,30.00,607.10,"18,213.00",2024-03-25
546,HRL,2024032505001162,39,58,10.00,607.10,"6,071.00",2024-03-25
547,HRL,2024032505001166,39,45,10.00,607.10,"6,071.00",2024-03-25
548,HRL,2024032505001167,1,43,10.00,607.50,"6,075.00",2024-03-25
549,HRL,2024032505001168,1,58,20.00,607.50,"12,150.00",2024-03-25
550,HRL,2024032505001169,76,36,20.00,607.90,"12,158.00",2024-03-25
551,HRL,2024032505001174,39,22,20.00,608.00,"12,160.00",2024-03-25
552,HRL,2024032505001175,76,58,20.00,607.90,"12,158.00",2024-03-25
553,HRL,2024032505001177,35,35,10.00,608.00,"6,080.00",2024-03-25
554,HRL,2024032505001178,35,7,10.00,608.00,"6,080.00",2024-03-25
555,HRL,2024032505001179,35,42,20.00,608.00,"12,160.00",2024-03-25
556,HRL,2024032505001180,35,41,60.00,608.00,"36,480.00",2024-03-25
557,HRL,2024032505001182,52,41,17.00,608.00,"10,336.00",2024-03-25
558,HRL,2024032505001183,52,38,10.00,608.00,"6,080.00",2024-03-25
559,HRL,2024032505001184,52,58,10.00,608.00,"6,080.00",2024-03-25
560,HRL,2024032505001191,39,39,20.00,608.50,"12,170.00",2024-03-25
561,HRL,2024032505001194,52,58,10.00,608.00,"6,080.00",2024-03-25
562,HRL,2024032505001197,52,38,10.00,608.00,"6,080.00",2024-03-25
563,HRL,2024032505001203,52,58,10.00,608.00,"6,080.00",2024-03-25
564,HRL,2024032505001204,52,14,23.00,608.00,"13,984.00",2024-03-25
565,HRL,2024032505001205,39,14,17.00,608.00,"10,336.00",2024-03-25
566,HRL,2024032505001210,39,3,33.00,608.00,"20,064.00",2024-03-25
567,HRL,2024032505001211,11,3,25.00,608.00,"15,200.00",2024-03-25
568,HRL,2024032505001213,76,34,10.00,607.90,"6,079.00",2024-03-25
569,HRL,2024032505001214,1,34,10.00,607.50,"6,075.00",2024-03-25
570,HRL,2024032505001219,1,34,30.00,607.50,"18,225.00",2024-03-25
571,HRL,2024032505001222,1,58,20.00,607.50,"12,150.00",2024-03-25
572,HRL,2024032505001227,39,1,30.00,607.10,"18,213.00",2024-03-25
573,HRL,2024032505001229,76,14,20.00,607.00,"12,140.00",2024-03-25
574,HRL,2024032505001231,59,49,10.00,607.00,"6,070.00",2024-03-25
575,HRL,2024032505001232,59,38,10.00,607.00,"6,070.00",2024-03-25
576,HRL,2024032505001233,59,42,10.00,607.00,"6,070.00",2024-03-25
577,HRL,2024032505001236,59,42,30.00,607.00,"18,210.00",2024-03-25
578,HRL,2024032505001238,59,38,20.00,607.00,"12,140.00",2024-03-25
579,HRL,2024032505001239,53,38,10.00,607.50,"6,075.00",2024-03-25
580,HRL,2024032505001240,59,58,10.00,607.00,"6,070.00",2024-03-25
581,HRL,2024032505001241,59,58,10.00,607.00,"6,070.00",2024-03-25
582,HRL,2024032505001242,11,58,10.00,607.00,"6,070.00",2024-03-25
583,HRL,2024032505001244,11,32,10.00,607.00,"6,070.00",2024-03-25
584,HRL,2024032505001245,11,26,10.00,607.00,"6,070.00",2024-03-25
585,HRL,2024032505001247,11,58,10.00,607.00,"6,070.00",2024-03-25
586,HRL,2024032505001248,11,50,10.00,607.00,"6,070.00",2024-03-25
587,HRL,2024032505001249,11,58,10.00,607.00,"6,070.00",2024-03-25
588,HRL,2024032505001250,11,59,10.00,607.00,"6,070.00",2024-03-25
589,HRL,2024032505001251,11,25,10.00,607.00,"6,070.00",2024-03-25
590,HRL,2024032505001253,58,14,20.00,607.10,"12,142.00",2024-03-25
591,HRL,2024032505001256,58,52,10.00,607.10,"6,071.00",2024-03-25
592,HRL,2024032505001262,58,6,20.00,607.10,"12,142.00",2024-03-25
593,HRL,2024032505001263,58,17,10.00,607.10,"6,071.00",2024-03-25
594,HRL,2024032505001264,58,50,30.00,607.10,"18,213.00",2024-03-25
595,HRL,2024032505001266,14,38,10.00,607.50,"6,075.00",2024-03-25
596,HRL,2024032505001267,14,32,10.00,607.50,"6,075.00",2024-03-25
597,HRL,2024032505001269,14,4,20.00,608.00,"12,160.00",2024-03-25
598,HRL,2024032505001270,14,49,10.00,608.00,"6,080.00",2024-03-25
599,HRL,2024032505001271,14,42,10.00,608.00,"6,080.00",2024-03-25
600,HRL,2024032505001272,14,35,10.00,608.00,"6,080.00",2024-03-25
601,HRL,2024032505001273,14,38,10.00,608.00,"6,080.00",2024-03-25
602,HRL,2024032505001274,14,58,10.00,608.00,"6,080.00",2024-03-25
603,HRL,2024032505001275,14,77,20.00,608.00,"12,160.00",2024-03-25
604,HRL,2024032505001276,14,49,10.00,608.00,"6,080.00",2024-03-25
605,HRL,2024032505001277,14,35,10.00,608.00,"6,080.00",2024-03-25
606,HRL,2024032505001281,14,57,10.00,608.00,"6,080.00",2024-03-25
607,HRL,2024032505001283,14,52,10.00,608.90,"6,089.00",2024-03-25
608,HRL,2024032505001284,34,61,10.00,609.00,"6,090.00",2024-03-25
609,HRL,2024032505001285,14,61,10.00,609.00,"6,090.00",2024-03-25
610,HRL,2024032505001286,14,21,100.00,609.00,"60,900.00",2024-03-25
611,HRL,2024032505001287,14,55,10.00,609.00,"6,090.00",2024-03-25
612,HRL,2024032505001292,14,38,10.00,609.00,"6,090.00",2024-03-25
613,HRL,2024032505001293,14,56,10.00,609.90,"6,099.00",2024-03-25
614,HRL,2024032505001294,14,57,200.00,609.90,"121,980.00",2024-03-25
615,HRL,2024032505001297,14,14,20.00,609.90,"12,198.00",2024-03-25
616,HRL,2024032505001301,14,57,10.00,609.90,"6,099.00",2024-03-25
617,HRL,2024032505001302,22,57,10.00,610.00,"6,100.00",2024-03-25
618,HRL,2024032505001304,14,42,10.00,609.90,"6,099.00",2024-03-25
619,HRL,2024032505001305,14,14,10.00,610.00,"6,100.00",2024-03-25
620,HRL,2024032505001306,14,35,10.00,610.00,"6,100.00",2024-03-25
621,HRL,2024032505001307,14,32,30.00,610.00,"18,300.00",2024-03-25
622,HRL,2024032505001308,14,34,10.00,610.00,"6,100.00",2024-03-25
623,HRL,2024032505001309,14,50,20.00,610.00,"12,200.00",2024-03-25
624,HRL,2024032505001310,14,41,20.00,610.00,"12,200.00",2024-03-25
625,HRL,2024032505001311,14,58,10.00,610.00,"6,100.00",2024-03-25
626,HRL,2024032505001312,14,16,20.00,610.00,"12,200.00",2024-03-25
627,HRL,2024032505001313,14,58,20.00,610.00,"12,200.00",2024-03-25
628,HRL,2024032505001314,14,58,10.00,610.00,"6,100.00",2024-03-25
629,HRL,2024032505001315,14,29,20.00,610.00,"12,200.00",2024-03-25
630,HRL,2024032505001316,14,48,30.00,610.00,"18,300.00",2024-03-25
631,HRL,2024032505001317,14,16,10.00,610.00,"6,100.00",2024-03-25
632,HRL,2024032505001318,22,16,10.00,610.00,"6,100.00",2024-03-25
633,HRL,2024032505001319,22,49,20.00,610.00,"12,200.00",2024-03-25
634,HRL,2024032505001320,22,42,10.00,610.00,"6,100.00",2024-03-25
635,HRL,2024032505001321,22,49,10.00,610.00,"6,100.00",2024-03-25
636,HRL,2024032505001322,22,49,10.00,610.00,"6,100.00",2024-03-25
637,HRL,2024032505001323,22,38,10.00,610.00,"6,100.00",2024-03-25
638,HRL,2024032505001324,22,34,20.00,610.00,"12,200.00",2024-03-25
639,HRL,2024032505001325,22,49,10.00,610.00,"6,100.00",2024-03-25
640,HRL,2024032505001326,22,58,30.00,610.00,"18,300.00",2024-03-25
641,HRL,2024032505001327,22,22,10.00,610.00,"6,100.00",2024-03-25
642,HRL,2024032505001328,22,56,30.00,610.00,"18,300.00",2024-03-25
643,HRL,2024032505001329,22,56,30.00,610.00,"18,300.00",2024-03-25
644,HRL,2024032505001330,14,57,10.00,610.00,"6,100.00",2024-03-25
645,HRL,2024032505001331,14,37,10.00,610.00,"6,100.00",2024-03-25
646,HRL,2024032505001332,14,35,10.00,610.00,"6,100.00",2024-03-25
647,HRL,2024032505001333,14,52,20.00,610.00,"12,200.00",2024-03-25
648,HRL,2024032505001334,14,32,10.00,610.00,"6,100.00",2024-03-25
649,HRL,2024032505001335,14,39,20.00,610.00,"12,200.00",2024-03-25
650,HRL,2024032505001336,14,44,20.00,610.00,"12,200.00",2024-03-25
651,HRL,2024032505001337,14,58,10.00,610.00,"6,100.00",2024-03-25
652,HRL,2024032505001338,14,45,10.00,610.00,"6,100.00",2024-03-25
653,HRL,2024032505001339,14,57,10.00,611.00,"6,110.00",2024-03-25
654,HRL,2024032505001340,14,22,30.00,611.00,"18,330.00",2024-03-25
655,HRL,2024032505001341,14,17,10.00,611.00,"6,110.00",2024-03-25
656,HRL,2024032505001342,14,45,40.00,611.00,"24,440.00",2024-03-25
657,HRL,2024032505001344,14,42,10.00,611.00,"6,110.00",2024-03-25
658,HRL,2024032505001345,14,14,20.00,611.00,"12,220.00",2024-03-25
659,HRL,2024032505001346,14,58,10.00,611.00,"6,110.00",2024-03-25
660,HRL,2024032505001347,14,3,200.00,611.00,"122,200.00",2024-03-25
661,HRL,2024032505001348,38,42,10.00,610.00,"6,100.00",2024-03-25
662,HRL,2024032505001350,36,34,20.00,611.00,"12,220.00",2024-03-25
663,HRL,2024032505001351,38,13,20.00,610.00,"12,200.00",2024-03-25
664,HRL,2024032505001352,42,57,20.00,609.00,"12,180.00",2024-03-25
665,HRL,2024032505001353,48,45,10.00,610.00,"6,100.00",2024-03-25
666,HRL,2024032505001357,48,58,10.00,610.00,"6,100.00",2024-03-25
667,HRL,2024032505001358,48,36,10.00,610.00,"6,100.00",2024-03-25
668,HRL,2024032505001359,48,39,10.00,610.00,"6,100.00",2024-03-25
669,HRL,2024032505001362,42,42,10.00,609.00,"6,090.00",2024-03-25
670,HRL,2024032505001365,14,38,10.00,610.00,"6,100.00",2024-03-25
671,HRL,2024032505001366,14,42,20.00,610.00,"12,200.00",2024-03-25
672,HRL,2024032505001367,14,11,20.00,610.00,"12,200.00",2024-03-25
673,HRL,2024032505001368,14,36,20.00,610.00,"12,200.00",2024-03-25
674,HRL,2024032505001369,14,59,30.00,610.00,"18,300.00",2024-03-25
675,HRL,2024032505001370,14,57,20.00,610.00,"12,200.00",2024-03-25
676,HRL,2024032505001371,14,11,20.00,610.00,"12,200.00",2024-03-25
677,HRL,2024032505001380,11,34,10.00,611.00,"6,110.00",2024-03-25
678,HRL,2024032505001381,11,44,30.00,611.00,"18,330.00",2024-03-25
679,HRL,2024032505001383,14,7,10.00,610.00,"6,100.00",2024-03-25
680,HRL,2024032505001384,14,36,30.00,610.00,"18,300.00",2024-03-25
681,HRL,2024032505001385,14,11,10.00,610.00,"6,100.00",2024-03-25
682,HRL,2024032505001387,14,57,20.00,610.00,"12,200.00",2024-03-25
683,HRL,2024032505001389,14,59,20.00,610.50,"12,210.00",2024-03-25
684,HRL,2024032505001390,14,38,10.00,610.50,"6,105.00",2024-03-25
685,HRL,2024032505001392,14,49,100.00,610.50,"61,050.00",2024-03-25
686,HRL,2024032505001393,14,53,10.00,610.50,"6,105.00",2024-03-25
687,HRL,2024032505001394,14,57,20.00,610.50,"12,210.00",2024-03-25
688,HRL,2024032505001395,14,34,100.00,610.50,"61,050.00",2024-03-25
689,HRL,2024032505001407,14,38,10.00,610.50,"6,105.00",2024-03-25
690,HRL,2024032505001408,14,14,10.00,610.50,"6,105.00",2024-03-25
691,HRL,2024032505001409,14,42,10.00,610.50,"6,105.00",2024-03-25
692,HRL,2024032505001412,14,57,20.00,610.50,"12,210.00",2024-03-25
693,HRL,2024032505001413,14,53,10.00,610.50,"6,105.00",2024-03-25
694,HRL,2024032505001414,14,29,10.00,610.50,"6,105.00",2024-03-25
695,HRL,2024032505001415,14,45,15.00,610.50,"9,157.50",2024-03-25
696,HRL,2024032505001416,6,3,50.00,611.90,"30,595.00",2024-03-25
697,HRL,2024032505001418,14,18,10.00,610.50,"6,105.00",2024-03-25
698,HRL,2024032505001420,14,43,10.00,610.50,"6,105.00",2024-03-25
699,HRL,2024032505001421,14,7,20.00,610.50,"12,210.00",2024-03-25
700,HRL,2024032505001425,57,48,10.00,610.00,"6,100.00",2024-03-25
701,HRL,2024032505001428,57,25,10.00,610.00,"6,100.00",2024-03-25
702,HRL,2024032505001432,62,34,30.00,609.50,"18,285.00",2024-03-25
703,HRL,2024032505001434,35,38,10.00,610.00,"6,100.00",2024-03-25
704,HRL,2024032505001435,35,35,20.00,610.00,"12,200.00",2024-03-25
705,HRL,2024032505001436,35,38,20.00,610.00,"12,200.00",2024-03-25
706,HRL,2024032505001437,35,58,10.00,610.50,"6,105.00",2024-03-25
707,HRL,2024032505001438,35,21,30.00,611.00,"18,330.00",2024-03-25
708,HRL,2024032505001439,35,57,30.00,611.00,"18,330.00",2024-03-25
709,HRL,2024032505001440,35,3,392.00,611.90,"239,864.80",2024-03-25
710,HRL,2024032505001441,35,35,235.00,612.00,"143,820.00",2024-03-25
711,HRL,2024032505001442,35,35,100.00,612.00,"61,200.00",2024-03-25
712,HRL,2024032505001443,35,58,10.00,612.00,"6,120.00",2024-03-25
713,HRL,2024032505001444,35,35,30.00,612.00,"18,360.00",2024-03-25
714,HRL,2024032505001445,35,44,10.00,612.00,"6,120.00",2024-03-25
715,HRL,2024032505001446,35,55,"1,103.00",612.00,"675,036.00",2024-03-25
716,HRL,2024032505001448,22,6,10.00,610.00,"6,100.00",2024-03-25
717,HRL,2024032505001449,76,57,10.00,609.60,"6,096.00",2024-03-25
718,HRL,2024032505001451,76,52,40.00,609.60,"24,384.00",2024-03-25
719,HRL,2024032505001452,58,52,160.00,609.60,"97,536.00",2024-03-25
720,HRL,2024032505001463,58,14,10.00,609.60,"6,096.00",2024-03-25
721,HRL,2024032505001464,58,39,80.00,609.60,"48,768.00",2024-03-25
722,HRL,2024032505001465,62,39,10.00,609.50,"6,095.00",2024-03-25
723,HRL,2024032505001466,62,47,10.00,609.50,"6,095.00",2024-03-25
724,HRL,2024032505001467,14,47,10.00,609.10,"6,091.00",2024-03-25
725,HRL,2024032505001472,14,38,10.00,609.70,"6,097.00",2024-03-25
726,HRL,2024032505001474,14,47,20.00,609.70,"12,194.00",2024-03-25
727,HRL,2024032505001475,14,37,10.00,610.00,"6,100.00",2024-03-25
728,HRL,2024032505001476,14,58,15.00,610.00,"9,150.00",2024-03-25
729,HRL,2024032505001482,14,58,30.00,610.00,"18,300.00",2024-03-25
730,HRL,2024032505001483,14,37,10.00,610.00,"6,100.00",2024-03-25
731,HRL,2024032505001484,14,7,10.00,610.00,"6,100.00",2024-03-25
732,HRL,2024032505001485,14,41,20.00,610.00,"12,200.00",2024-03-25
733,HRL,2024032505001486,14,38,10.00,610.00,"6,100.00",2024-03-25
734,HRL,2024032505001490,14,25,10.00,610.00,"6,100.00",2024-03-25
735,HRL,2024032505001491,14,38,10.00,610.00,"6,100.00",2024-03-25
736,HRL,2024032505001494,14,21,10.00,610.00,"6,100.00",2024-03-25
737,HRL,2024032505001496,14,21,20.00,611.00,"12,220.00",2024-03-25
738,HRL,2024032505001499,14,6,10.00,611.90,"6,119.00",2024-03-25
739,HRL,2024032505001500,14,21,10.00,612.00,"6,120.00",2024-03-25
740,HRL,2024032505001502,10,17,20.00,610.10,"12,202.00",2024-03-25
741,HRL,2024032505001510,10,47,30.00,610.10,"18,303.00",2024-03-25
742,HRL,2024032505001521,10,26,10.00,610.10,"6,101.00",2024-03-25
743,HRL,2024032505001522,10,47,30.00,610.10,"18,303.00",2024-03-25
744,HRL,2024032505001523,10,58,10.00,610.10,"6,101.00",2024-03-25
745,HRL,2024032505001524,76,59,10.00,610.50,"6,105.00",2024-03-25
746,HRL,2024032505001525,76,58,10.00,610.50,"6,105.00",2024-03-25
747,HRL,2024032505001529,76,18,10.00,610.50,"6,105.00",2024-03-25
748,HRL,2024032505001530,76,42,10.00,610.50,"6,105.00",2024-03-25
749,HRL,2024032505001541,76,11,10.00,610.50,"6,105.00",2024-03-25
750,HRL,2024032505001542,10,46,10.00,610.10,"6,101.00",2024-03-25
751,HRL,2024032505001543,10,47,30.00,610.10,"18,303.00",2024-03-25
752,HRL,2024032505001544,58,44,20.00,610.50,"12,210.00",2024-03-25
753,HRL,2024032505001545,58,58,10.00,610.60,"6,106.00",2024-03-25
754,HRL,2024032505001551,44,49,10.00,611.50,"6,115.00",2024-03-25
755,HRL,2024032505001552,44,47,10.00,611.50,"6,115.00",2024-03-25
756,HRL,2024032505001553,58,47,20.00,610.60,"12,212.00",2024-03-25
757,HRL,2024032505001561,48,38,10.00,610.60,"6,106.00",2024-03-25
758,HRL,2024032505001562,48,58,10.00,610.60,"6,106.00",2024-03-25
759,HRL,2024032505001564,48,34,20.00,610.60,"12,212.00",2024-03-25
760,HRL,2024032505001565,49,58,10.00,611.00,"6,110.00",2024-03-25
761,HRL,2024032505001566,36,58,10.00,611.00,"6,110.00",2024-03-25
762,HRL,2024032505001568,36,32,10.00,611.00,"6,110.00",2024-03-25
763,HRL,2024032505001569,36,38,10.00,611.00,"6,110.00",2024-03-25
764,HRL,2024032505001570,36,39,70.00,611.00,"42,770.00",2024-03-25
765,HRL,2024032505001571,51,39,30.00,611.00,"18,330.00",2024-03-25
766,HRL,2024032505001572,51,62,70.00,611.00,"42,770.00",2024-03-25
767,HRL,2024032505001573,48,62,10.00,610.60,"6,106.00",2024-03-25
768,HRL,2024032505001574,14,62,100.00,610.20,"61,020.00",2024-03-25
769,HRL,2024032505001575,10,62,320.00,610.10,"195,232.00",2024-03-25
770,HRL,2024032505001576,58,33,60.00,611.00,"36,660.00",2024-03-25
771,HRL,2024032505001585,10,45,10.00,610.10,"6,101.00",2024-03-25
772,HRL,2024032505001591,10,34,20.00,610.10,"12,202.00",2024-03-25
773,HRL,2024032505001593,10,22,10.00,610.10,"6,101.00",2024-03-25
774,HRL,2024032505001594,10,41,10.00,610.10,"6,101.00",2024-03-25
775,HRL,2024032505001595,10,7,20.00,610.10,"12,202.00",2024-03-25
776,HRL,2024032505001596,10,52,20.00,610.10,"12,202.00",2024-03-25
777,HRL,2024032505001602,10,35,10.00,610.10,"6,101.00",2024-03-25
778,HRL,2024032505001604,10,69,10.00,610.10,"6,101.00",2024-03-25
779,HRL,2024032505001605,10,38,20.00,610.10,"12,202.00",2024-03-25
780,HRL,2024032505001606,10,22,20.00,610.10,"12,202.00",2024-03-25
781,HRL,2024032505001607,10,36,10.00,610.10,"6,101.00",2024-03-25
782,HRL,2024032505001609,10,34,10.00,610.10,"6,101.00",2024-03-25
783,HRL,2024032505001611,10,18,10.00,610.10,"6,101.00",2024-03-25
784,HRL,2024032505001617,10,62,10.00,610.10,"6,101.00",2024-03-25
785,HRL,2024032505001619,10,62,30.00,610.10,"18,303.00",2024-03-25
786,HRL,2024032505001620,54,42,10.00,610.20,"6,102.00",2024-03-25
787,HRL,2024032505001621,54,74,20.00,610.20,"12,204.00",2024-03-25
788,HRL,2024032505001622,10,74,20.00,610.10,"12,202.00",2024-03-25
789,HRL,2024032505001623,10,58,10.00,610.10,"6,101.00",2024-03-25
790,HRL,2024032505001624,51,26,30.00,610.20,"18,306.00",2024-03-25
791,HRL,2024032505001627,51,48,10.00,610.20,"6,102.00",2024-03-25
792,HRL,2024032505001628,51,44,20.00,610.20,"12,204.00",2024-03-25
793,HRL,2024032505001634,51,45,20.00,610.20,"12,204.00",2024-03-25
794,HRL,2024032505001635,51,34,20.00,610.20,"12,204.00",2024-03-25
795,HRL,2024032505001641,10,5,20.00,610.10,"12,202.00",2024-03-25
796,HRL,2024032505001642,10,29,270.00,610.10,"164,727.00",2024-03-25
797,HRL,2024032505001643,42,29,80.00,610.10,"48,808.00",2024-03-25
798,HRL,2024032505001644,68,29,950.00,610.00,"579,500.00",2024-03-25
799,HRL,2024032505001645,68,14,10.00,610.00,"6,100.00",2024-03-25
800,HRL,2024032505001646,42,91,10.00,610.00,"6,100.00",2024-03-25
801,HRL,2024032505001652,42,40,40.00,610.00,"24,400.00",2024-03-25
802,HRL,2024032505001653,25,40,20.00,610.00,"12,200.00",2024-03-25
803,HRL,2024032505001654,34,40,63.00,610.00,"38,430.00",2024-03-25
804,HRL,2024032505001656,34,40,30.00,610.00,"18,300.00",2024-03-25
805,HRL,2024032505001657,55,57,10.00,609.40,"6,094.00",2024-03-25
806,HRL,2024032505001659,55,62,10.00,609.40,"6,094.00",2024-03-25
807,HRL,2024032505001662,55,37,20.00,609.40,"12,188.00",2024-03-25
808,HRL,2024032505001664,55,14,10.00,609.40,"6,094.00",2024-03-25
809,HRL,2024032505001669,55,25,10.00,609.40,"6,094.00",2024-03-25
810,HRL,2024032505001670,55,46,10.00,609.40,"6,094.00",2024-03-25
811,HRL,2024032505001673,55,59,30.00,609.40,"18,282.00",2024-03-25
812,HRL,2024032505001683,54,58,20.00,609.30,"12,186.00",2024-03-25
813,HRL,2024032505001684,63,58,10.00,609.30,"6,093.00",2024-03-25
814,HRL,2024032505001685,33,40,20.00,610.00,"12,200.00",2024-03-25
815,HRL,2024032505001689,63,44,10.00,609.30,"6,093.00",2024-03-25
816,HRL,2024032505001690,55,44,10.00,609.20,"6,092.00",2024-03-25
817,HRL,2024032505001694,55,59,10.00,609.20,"6,092.00",2024-03-25
818,HRL,2024032505001696,55,39,10.00,609.20,"6,092.00",2024-03-25
819,HRL,2024032505001697,55,21,10.00,609.20,"6,092.00",2024-03-25
820,HRL,2024032505001699,55,58,10.00,609.20,"6,092.00",2024-03-25
821,HRL,2024032505001700,55,52,20.00,609.20,"12,184.00",2024-03-25
822,HRL,2024032505001701,55,45,10.00,609.20,"6,092.00",2024-03-25
823,HRL,2024032505001704,55,58,10.00,609.20,"6,092.00",2024-03-25
824,HRL,2024032505001705,55,26,10.00,609.20,"6,092.00",2024-03-25
825,HRL,2024032505001706,38,26,10.00,609.20,"6,092.00",2024-03-25
826,HRL,2024032505001709,38,7,10.00,609.20,"6,092.00",2024-03-25
827,HRL,2024032505001710,42,4,10.00,609.00,"6,090.00",2024-03-25
828,HRL,2024032505001714,42,40,25.00,609.00,"15,225.00",2024-03-25
829,HRL,2024032505001715,35,40,102.00,609.00,"62,118.00",2024-03-25
830,HRL,2024032505001716,35,59,250.00,609.00,"152,250.00",2024-03-25
831,HRL,2024032505001723,35,41,"1,199.00",609.00,"730,191.00",2024-03-25
832,HRL,2024032505001724,35,14,10.00,609.00,"6,090.00",2024-03-25
833,HRL,2024032505001725,35,59,439.00,609.00,"267,351.00",2024-03-25
834,HRL,2024032505001726,34,59,100.00,609.00,"60,900.00",2024-03-25
835,HRL,2024032505001727,89,59,961.00,609.00,"585,249.00",2024-03-25
836,HRL,2024032505001728,89,95,10.00,609.00,"6,090.00",2024-03-25
837,HRL,2024032505001730,89,13,200.00,609.00,"121,800.00",2024-03-25
838,HRL,2024032505001733,89,71,20.00,609.00,"12,180.00",2024-03-25
839,HRL,2024032505001734,89,20,30.00,609.00,"18,270.00",2024-03-25
840,HRL,2024032505001736,89,45,420.00,609.00,"255,780.00",2024-03-25
841,HRL,2024032505001737,89,25,359.00,609.00,"218,631.00",2024-03-25
842,HRL,2024032505001738,58,25,60.00,609.00,"36,540.00",2024-03-25
843,HRL,2024032505001739,45,25,25.00,609.00,"15,225.00",2024-03-25
844,HRL,2024032505001743,49,25,30.00,609.00,"18,270.00",2024-03-25
845,HRL,2024032505001744,76,38,10.00,608.10,"6,081.00",2024-03-25
846,HRL,2024032505001746,76,55,40.00,608.10,"24,324.00",2024-03-25
847,HRL,2024032505001748,36,57,10.00,608.00,"6,080.00",2024-03-25
848,HRL,2024032505001749,38,57,10.00,608.00,"6,080.00",2024-03-25
849,HRL,2024032505001750,38,20,30.00,608.00,"18,240.00",2024-03-25
850,HRL,2024032505001752,34,11,20.00,608.00,"12,160.00",2024-03-25
851,HRL,2024032505001753,74,11,10.00,608.00,"6,080.00",2024-03-25
852,HRL,2024032505001754,74,26,10.00,608.50,"6,085.00",2024-03-25
853,HRL,2024032505001755,74,25,480.00,609.00,"292,320.00",2024-03-25
854,HRL,2024032505001760,68,25,46.00,609.00,"28,014.00",2024-03-25
855,HRL,2024032505001761,68,22,30.00,609.00,"18,270.00",2024-03-25
856,HRL,2024032505001762,68,49,20.00,609.00,"12,180.00",2024-03-25
857,HRL,2024032505001763,68,5,40.00,609.00,"24,360.00",2024-03-25
858,HRL,2024032505001765,68,34,10.00,609.00,"6,090.00",2024-03-25
859,HRL,2024032505001766,68,35,854.00,609.00,"520,086.00",2024-03-25
860,HRL,2024032505001767,38,57,20.00,607.80,"12,156.00",2024-03-25
861,HRL,2024032505001775,26,35,10.00,609.00,"6,090.00",2024-03-25
862,HRL,2024032505001777,38,62,25.00,607.80,"15,195.00",2024-03-25
863,HRL,2024032505001781,25,58,10.00,607.80,"6,078.00",2024-03-25
864,HRL,2024032505001782,25,18,10.00,609.00,"6,090.00",2024-03-25
865,HRL,2024032505001783,25,32,10.00,609.00,"6,090.00",2024-03-25
866,HRL,2024032505001784,76,4,20.00,607.70,"12,154.00",2024-03-25
867,HRL,2024032505001785,76,36,30.00,607.70,"18,231.00",2024-03-25
868,HRL,2024032505001788,48,35,10.00,607.70,"6,077.00",2024-03-25
869,HRL,2024032505001789,48,55,90.00,607.70,"54,693.00",2024-03-25
870,HRL,2024032505001790,41,55,500.00,607.60,"303,800.00",2024-03-25
871,HRL,2024032505001791,34,55,10.00,607.50,"6,075.00",2024-03-25
872,HRL,2024032505001793,39,58,10.00,607.80,"6,078.00",2024-03-25
873,HRL,2024032505001799,45,6,10.00,607.60,"6,076.00",2024-03-25
874,HRL,2024032505001805,34,40,10.00,607.50,"6,075.00",2024-03-25
875,HRL,2024032505001824,42,54,10.00,607.60,"6,076.00",2024-03-25
876,HRL,2024032505001828,34,49,20.00,607.50,"12,150.00",2024-03-25
877,HRL,2024032505001831,34,38,10.00,607.50,"6,075.00",2024-03-25
878,HRL,2024032505001835,52,49,10.00,607.50,"6,075.00",2024-03-25
879,HRL,2024032505001837,52,4,20.00,607.50,"12,150.00",2024-03-25
880,HRL,2024032505001843,52,39,30.00,607.50,"18,225.00",2024-03-25
881,HRL,2024032505001844,34,88,13.00,608.00,"7,904.00",2024-03-25
882,HRL,2024032505001846,34,55,10.00,608.00,"6,080.00",2024-03-25
883,HRL,2024032505001852,34,49,10.00,608.00,"6,080.00",2024-03-25
884,HRL,2024032505001853,34,32,20.00,609.00,"12,180.00",2024-03-25
885,HRL,2024032505001854,34,26,10.00,609.00,"6,090.00",2024-03-25
886,HRL,2024032505001855,34,55,300.00,609.00,"182,700.00",2024-03-25
887,HRL,2024032505001856,34,11,10.00,609.00,"6,090.00",2024-03-25
888,HRL,2024032505001859,25,11,20.00,609.00,"12,180.00",2024-03-25
889,HRL,2024032505001860,25,49,20.00,609.00,"12,180.00",2024-03-25
890,HRL,2024032505001867,25,65,80.00,609.00,"48,720.00",2024-03-25
891,HRL,2024032505001868,52,65,440.00,607.50,"267,300.00",2024-03-25
892,HRL,2024032505001869,14,65,100.00,607.20,"60,720.00",2024-03-25
893,HRL,2024032505001870,58,65,10.00,607.10,"6,071.00",2024-03-25
894,HRL,2024032505001871,58,65,50.00,607.10,"30,355.00",2024-03-25
895,HRL,2024032505001872,54,65,200.00,607.10,"121,420.00",2024-03-25
896,HRL,2024032505001873,13,65,125.00,607.10,"75,887.50",2024-03-25
897,HRL,2024032505001874,13,42,10.00,607.10,"6,071.00",2024-03-25
898,HRL,2024032505001875,13,58,10.00,607.10,"6,071.00",2024-03-25
899,HRL,2024032505001885,45,41,10.00,607.20,"6,072.00",2024-03-25
900,HRL,2024032505001886,1,41,10.00,607.20,"6,072.00",2024-03-25
901,HRL,2024032505001891,42,49,10.00,607.30,"6,073.00",2024-03-25
902,HRL,2024032505001894,1,5,10.00,608.00,"6,080.00",2024-03-25
903,HRL,2024032505001900,1,14,10.00,608.00,"6,080.00",2024-03-25
904,HRL,2024032505001912,1,49,10.00,608.00,"6,080.00",2024-03-25
905,HRL,2024032505001915,1,5,20.00,608.00,"12,160.00",2024-03-25
906,HRL,2024032505001916,35,35,20.00,609.00,"12,180.00",2024-03-25
907,HRL,2024032505001917,35,42,10.00,609.00,"6,090.00",2024-03-25
908,HRL,2024032505001918,35,14,20.00,609.00,"12,180.00",2024-03-25
909,HRL,2024032505001919,35,16,500.00,609.00,"304,500.00",2024-03-25
910,HRL,2024032505001920,35,8,10.00,609.00,"6,090.00",2024-03-25
911,HRL,2024032505001921,35,40,500.00,609.70,"304,850.00",2024-03-25
912,HRL,2024032505001922,35,69,250.00,609.80,"152,450.00",2024-03-25
913,HRL,2024032505001923,35,29,100.00,609.90,"60,990.00",2024-03-25
914,HRL,2024032505001924,35,45,50.00,609.90,"30,495.00",2024-03-25
915,HRL,2024032505001925,35,48,250.00,610.00,"152,500.00",2024-03-25
916,HRL,2024032505001926,35,57,30.00,610.00,"18,300.00",2024-03-25
917,HRL,2024032505001927,35,39,10.00,610.00,"6,100.00",2024-03-25
918,HRL,2024032505001928,35,35,10.00,610.00,"6,100.00",2024-03-25
919,HRL,2024032505001929,35,43,30.00,610.00,"18,300.00",2024-03-25
920,HRL,2024032505001930,35,56,10.00,610.00,"6,100.00",2024-03-25
921,HRL,2024032505001931,35,32,10.00,610.00,"6,100.00",2024-03-25
922,HRL,2024032505001932,35,45,20.00,610.00,"12,200.00",2024-03-25
923,HRL,2024032505001933,35,8,30.00,610.00,"18,300.00",2024-03-25
924,HRL,2024032505001934,35,25,50.00,610.00,"30,500.00",2024-03-25
925,HRL,2024032505001935,35,26,"1,090.00",610.00,"664,900.00",2024-03-25
926,HRL,2024032505001937,49,49,10.00,608.10,"6,081.00",2024-03-25
927,HRL,2024032505001942,1,14,10.00,608.00,"6,080.00",2024-03-25
928,HRL,2024032505001944,49,6,15.00,609.00,"9,135.00",2024-03-25
929,HRL,2024032505001961,25,10,20.00,609.00,"12,180.00",2024-03-25
930,HRL,2024032505001962,25,1,90.00,609.00,"54,810.00",2024-03-25
931,HRL,2024032505001963,68,1,10.00,609.00,"6,090.00",2024-03-25
932,HRL,2024032505001964,68,49,100.00,609.90,"60,990.00",2024-03-25
933,HRL,2024032505001965,68,26,410.00,610.00,"250,100.00",2024-03-25
934,HRL,2024032505001966,68,39,10.00,610.00,"6,100.00",2024-03-25
935,HRL,2024032505001967,68,39,470.00,610.00,"286,700.00",2024-03-25
936,HRL,2024032505001968,1,10,10.00,608.00,"6,080.00",2024-03-25
937,HRL,2024032505001970,1,48,10.00,608.00,"6,080.00",2024-03-25
938,HRL,2024032505001972,1,10,20.00,608.00,"12,160.00",2024-03-25
939,HRL,2024032505001973,1,10,20.00,608.00,"12,160.00",2024-03-25
940,HRL,2024032505001974,1,41,10.00,608.00,"6,080.00",2024-03-25
941,HRL,2024032505001975,34,55,10.00,608.10,"6,081.00",2024-03-25
942,HRL,2024032505001977,34,34,20.00,608.10,"12,162.00",2024-03-25
943,HRL,2024032505001978,34,58,20.00,608.10,"12,162.00",2024-03-25
944,HRL,2024032505001982,34,38,30.00,608.10,"18,243.00",2024-03-25
945,HRL,2024032505001988,41,37,20.00,608.20,"12,164.00",2024-03-25
946,HRL,2024032505001989,41,35,10.00,608.20,"6,082.00",2024-03-25
947,HRL,2024032505001991,41,35,30.00,608.20,"18,246.00",2024-03-25
948,HRL,2024032505001994,41,21,20.00,608.20,"12,164.00",2024-03-25
949,HRL,2024032505001996,41,36,20.00,608.20,"12,164.00",2024-03-25
950,HRL,2024032505001999,41,36,20.00,608.20,"12,164.00",2024-03-25
951,HRL,2024032505002000,41,37,20.00,608.20,"12,164.00",2024-03-25
952,HRL,2024032505002001,41,22,10.00,608.20,"6,082.00",2024-03-25
953,HRL,2024032505002010,41,25,500.00,608.20,"304,100.00",2024-03-25
954,HRL,2024032505002011,41,26,40.00,608.20,"24,328.00",2024-03-25
955,HRL,2024032505002013,41,49,10.00,608.20,"6,082.00",2024-03-25
956,HRL,2024032505002014,41,36,10.00,608.20,"6,082.00",2024-03-25
957,HRL,2024032505002016,41,49,10.00,608.20,"6,082.00",2024-03-25
958,HRL,2024032505002018,41,36,30.00,608.20,"18,246.00",2024-03-25
959,HRL,2024032505002021,41,34,20.00,608.20,"12,164.00",2024-03-25
960,HRL,2024032505002023,41,36,20.00,608.20,"12,164.00",2024-03-25
961,HRL,2024032505002025,41,50,10.00,608.20,"6,082.00",2024-03-25
962,HRL,2024032505002026,34,50,10.00,608.10,"6,081.00",2024-03-25
963,HRL,2024032505002027,45,45,9.00,600.00,"5,400.00",2024-03-25
964,HRL,2024032505002028,34,14,10.00,608.10,"6,081.00",2024-03-25
965,HRL,2024032505002030,45,45,9.00,600.00,"5,400.00",2024-03-25
966,HRL,2024032505002031,1,26,30.00,608.00,"18,240.00",2024-03-25
967,HRL,2024032505002032,45,45,2.00,600.00,"1,200.00",2024-03-25
968,HRL,2024032505002033,1,49,10.00,608.00,"6,080.00",2024-03-25
969,HRL,2024032505002042,22,34,20.00,608.00,"12,160.00",2024-03-25
970,HRL,2024032505002043,18,14,10.00,608.10,"6,081.00",2024-03-25
971,HRL,2024032505002047,22,39,10.00,608.00,"6,080.00",2024-03-25
972,HRL,2024032505002048,22,14,10.00,608.00,"6,080.00",2024-03-25
973,HRL,2024032505002050,36,57,20.00,608.20,"12,164.00",2024-03-25
974,HRL,2024032505002065,36,88,80.00,608.30,"48,664.00",2024-03-25
975,HRL,2024032505002066,22,88,10.00,608.00,"6,080.00",2024-03-25
976,HRL,2024032505002067,76,88,110.00,608.00,"66,880.00",2024-03-25
977,HRL,2024032505002068,76,51,10.00,608.00,"6,080.00",2024-03-25
978,HRL,2024032505002071,76,51,10.00,608.00,"6,080.00",2024-03-25
979,HRL,2024032505002073,76,21,20.00,608.00,"12,160.00",2024-03-25
980,HRL,2024032505002074,36,35,10.00,609.00,"6,090.00",2024-03-25
981,HRL,2024032505002075,36,35,10.00,609.00,"6,090.00",2024-03-25
982,HRL,2024032505002076,36,39,10.00,609.00,"6,090.00",2024-03-25
983,HRL,2024032505002077,36,58,10.00,609.00,"6,090.00",2024-03-25
984,HRL,2024032505002078,36,58,10.00,609.00,"6,090.00",2024-03-25
985,HRL,2024032505002079,36,16,20.00,609.00,"12,180.00",2024-03-25
986,HRL,2024032505002080,36,16,10.00,609.00,"6,090.00",2024-03-25
987,HRL,2024032505002094,76,45,10.00,608.00,"6,080.00",2024-03-25
988,HRL,2024032505002099,76,52,40.00,608.00,"24,320.00",2024-03-25
989,HRL,2024032505002100,76,58,20.00,608.00,"12,160.00",2024-03-25
990,HRL,2024032505002106,36,16,10.00,609.00,"6,090.00",2024-03-25
991,HRL,2024032505002107,36,58,10.00,609.00,"6,090.00",2024-03-25
992,HRL,2024032505002108,41,58,10.00,609.00,"6,090.00",2024-03-25
993,HRL,2024032505002111,41,36,10.00,609.00,"6,090.00",2024-03-25
994,HRL,2024032505002112,76,36,120.00,608.00,"72,960.00",2024-03-25
995,HRL,2024032505002113,76,36,290.00,608.00,"176,320.00",2024-03-25
996,HRL,2024032505002114,46,36,80.00,608.00,"48,640.00",2024-03-25
997,HRL,2024032505002116,46,37,10.00,608.00,"6,080.00",2024-03-25
998,HRL,2024032505002122,46,57,20.00,608.00,"12,160.00",2024-03-25
999,HRL,2024032505002123,46,58,20.00,608.00,"12,160.00",2024-03-25
1000,HRL,2024032505002124,46,16,20.00,608.00,"12,160.00",2024-03-25
1001,HRL,2024032505002126,46,35,10.00,608.00,"6,080.00",2024-03-25
1002,HRL,2024032505002127,46,35,10.00,609.00,"6,090.00",2024-03-25
1003,HRL,2024032505002128,46,35,20.00,609.00,"12,180.00",2024-03-25
1004,HRL,2024032505002129,46,54,110.00,609.00,"66,990.00",2024-03-25
1005,HRL,2024032505002130,56,54,10.00,608.00,"6,080.00",2024-03-25
1006,HRL,2024032505002131,76,54,40.00,607.50,"24,300.00",2024-03-25
1007,HRL,2024032505002132,76,54,40.00,607.40,"24,296.00",2024-03-25
1008,HRL,2024032505002133,76,54,20.00,607.40,"12,148.00",2024-03-25
1009,HRL,2024032505002134,76,54,10.00,607.40,"6,074.00",2024-03-25
1010,HRL,2024032505002135,76,54,10.00,607.40,"6,074.00",2024-03-25
1011,HRL,2024032505002136,76,54,10.00,607.40,"6,074.00",2024-03-25
1012,HRL,2024032505002137,21,54,200.00,607.40,"121,480.00",2024-03-25
1013,HRL,2024032505002138,19,54,100.00,607.20,"60,720.00",2024-03-25
1014,HRL,2024032505002139,58,54,100.00,607.20,"60,720.00",2024-03-25
1015,HRL,2024032505002140,37,54,100.00,607.10,"60,710.00",2024-03-25
1016,HRL,2024032505002141,39,54,25.00,607.10,"15,177.50",2024-03-25
1017,HRL,2024032505002142,19,54,100.00,607.10,"60,710.00",2024-03-25
1018,HRL,2024032505002143,59,54,125.00,607.10,"75,887.50",2024-03-25
1019,HRL,2024032505002144,59,40,30.00,607.10,"18,213.00",2024-03-25
1020,HRL,2024032505002146,59,22,10.00,607.10,"6,071.00",2024-03-25
1021,HRL,2024032505002147,50,45,10.00,607.20,"6,072.00",2024-03-25
1022,HRL,2024032505002148,55,19,20.00,608.90,"12,178.00",2024-03-25
1023,HRL,2024032505002149,55,44,10.00,609.00,"6,090.00",2024-03-25
1024,HRL,2024032505002150,55,49,30.00,609.90,"18,297.00",2024-03-25
1025,HRL,2024032505002151,55,39,530.00,610.00,"323,300.00",2024-03-25
1026,HRL,2024032505002152,55,45,10.00,610.00,"6,100.00",2024-03-25
1027,HRL,2024032505002153,55,58,10.00,610.00,"6,100.00",2024-03-25
1028,HRL,2024032505002154,55,53,310.00,610.00,"189,100.00",2024-03-25
1029,HRL,2024032505002155,55,57,100.00,610.00,"61,000.00",2024-03-25
1030,HRL,2024032505002156,55,53,10.00,610.00,"6,100.00",2024-03-25
1031,HRL,2024032505002157,55,58,10.00,610.00,"6,100.00",2024-03-25
1032,HRL,2024032505002158,55,45,50.00,610.00,"30,500.00",2024-03-25
1033,HRL,2024032505002159,55,42,100.00,610.00,"61,000.00",2024-03-25
1034,HRL,2024032505002160,55,34,10.00,610.00,"6,100.00",2024-03-25
1035,HRL,2024032505002161,55,44,10.00,610.00,"6,100.00",2024-03-25
1036,HRL,2024032505002162,55,34,10.00,610.00,"6,100.00",2024-03-25
1037,HRL,2024032505002163,55,16,10.00,610.00,"6,100.00",2024-03-25
1038,HRL,2024032505002164,55,21,10.00,610.00,"6,100.00",2024-03-25
1039,HRL,2024032505002165,55,49,60.00,610.00,"36,600.00",2024-03-25
1040,HRL,2024032505002166,50,16,20.00,607.20,"12,144.00",2024-03-25
1041,HRL,2024032505002176,29,35,10.00,608.10,"6,081.00",2024-03-25
1042,HRL,2024032505002177,29,88,10.00,608.10,"6,081.00",2024-03-25
1043,HRL,2024032505002179,1,42,20.00,607.30,"12,146.00",2024-03-25
1044,HRL,2024032505002180,59,42,30.00,607.10,"18,213.00",2024-03-25
1045,HRL,2024032505002183,59,16,20.00,607.10,"12,142.00",2024-03-25
1046,HRL,2024032505002184,59,39,30.00,607.10,"18,213.00",2024-03-25
1047,HRL,2024032505002186,59,35,10.00,607.10,"6,071.00",2024-03-25
1048,HRL,2024032505002189,34,34,10.00,609.00,"6,090.00",2024-03-25
1049,HRL,2024032505002191,88,41,10.00,607.30,"6,073.00",2024-03-25
1050,HRL,2024032505002192,88,16,20.00,607.30,"12,146.00",2024-03-25
1051,HRL,2024032505002195,88,56,10.00,607.40,"6,074.00",2024-03-25
1052,HRL,2024032505002203,88,16,20.00,607.40,"12,148.00",2024-03-25
1053,HRL,2024032505002204,88,49,10.00,607.40,"6,074.00",2024-03-25
1054,HRL,2024032505002206,46,58,10.00,609.00,"6,090.00",2024-03-25
1055,HRL,2024032505002207,46,47,10.00,609.00,"6,090.00",2024-03-25
1056,HRL,2024032505002209,46,16,20.00,609.00,"12,180.00",2024-03-25
1057,HRL,2024032505002210,46,42,10.00,609.00,"6,090.00",2024-03-25
1058,HRL,2024032505002213,46,11,20.00,609.00,"12,180.00",2024-03-25
1059,HRL,2024032505002214,45,41,10.00,609.20,"6,092.00",2024-03-25
1060,HRL,2024032505002215,45,34,110.00,610.00,"67,100.00",2024-03-25
1061,HRL,2024032505002216,45,41,10.00,610.00,"6,100.00",2024-03-25
1062,HRL,2024032505002217,45,8,20.00,610.00,"12,200.00",2024-03-25
1063,HRL,2024032505002218,45,35,10.00,610.00,"6,100.00",2024-03-25
1064,HRL,2024032505002219,45,82,10.00,610.00,"6,100.00",2024-03-25
1065,HRL,2024032505002220,45,57,75.00,610.00,"45,750.00",2024-03-25
1066,HRL,2024032505002221,45,45,10.00,610.00,"6,100.00",2024-03-25
1067,HRL,2024032505002222,45,38,20.00,610.00,"12,200.00",2024-03-25
1068,HRL,2024032505002223,45,48,20.00,610.00,"12,200.00",2024-03-25
1069,HRL,2024032505002224,45,38,10.00,610.00,"6,100.00",2024-03-25
1070,HRL,2024032505002225,45,59,30.00,610.00,"18,300.00",2024-03-25
1071,HRL,2024032505002226,45,4,20.00,610.00,"12,200.00",2024-03-25
1072,HRL,2024032505002229,45,37,20.00,610.00,"12,200.00",2024-03-25
1073,HRL,2024032505002230,45,34,10.00,610.00,"6,100.00",2024-03-25
1074,HRL,2024032505002236,45,55,10.00,610.00,"6,100.00",2024-03-25
1075,HRL,2024032505002237,45,7,10.00,610.00,"6,100.00",2024-03-25
1076,HRL,2024032505002240,45,13,20.00,610.00,"12,200.00",2024-03-25
1077,HRL,2024032505002244,34,58,10.00,610.10,"6,101.00",2024-03-25
1078,HRL,2024032505002245,34,42,75.00,610.50,"45,787.50",2024-03-25
1079,HRL,2024032505002246,34,40,415.00,610.90,"253,523.50",2024-03-25
1080,HRL,2024032505002247,42,11,10.00,610.10,"6,101.00",2024-03-25
1081,HRL,2024032505002248,45,1,10.00,610.00,"6,100.00",2024-03-25
1082,HRL,2024032505002259,45,58,10.00,610.00,"6,100.00",2024-03-25
1083,HRL,2024032505002260,45,53,20.00,610.00,"12,200.00",2024-03-25
1084,HRL,2024032505002261,45,1,35.00,610.00,"21,350.00",2024-03-25
1085,HRL,2024032505002262,58,1,70.00,610.00,"42,700.00",2024-03-25
1086,HRL,2024032505002270,45,46,9.00,600.00,"5,400.00",2024-03-25
1087,HRL,2024032505002272,45,46,9.00,600.00,"5,400.00",2024-03-25
1088,HRL,2024032505002273,45,46,2.00,600.00,"1,200.00",2024-03-25
1089,HRL,2024032505002274,7,58,10.00,610.00,"6,100.00",2024-03-25
1090,HRL,2024032505002275,7,49,10.00,610.00,"6,100.00",2024-03-25
1091,HRL,2024032505002276,46,38,10.00,609.00,"6,090.00",2024-03-25
1092,HRL,2024032505002291,49,37,20.00,609.10,"12,182.00",2024-03-25
1093,HRL,2024032505002299,58,41,10.00,610.00,"6,100.00",2024-03-25
1094,HRL,2024032505002300,58,56,10.00,610.00,"6,100.00",2024-03-25
1095,HRL,2024032505002301,58,51,10.00,610.00,"6,100.00",2024-03-25
1096,HRL,2024032505002302,58,6,10.00,610.00,"6,100.00",2024-03-25
1097,HRL,2024032505002303,45,29,452.00,610.80,"276,081.60",2024-03-25
1098,HRL,2024032505002304,45,40,48.00,610.90,"29,323.20",2024-03-25
1099,HRL,2024032505002309,58,29,30.00,610.00,"18,300.00",2024-03-25
1100,HRL,2024032505002310,53,40,37.00,610.90,"22,603.30",2024-03-25
1101,HRL,2024032505002311,53,33,13.00,611.00,"7,943.00",2024-03-25
1102,HRL,2024032505002312,58,14,20.00,610.00,"12,200.00",2024-03-25
1103,HRL,2024032505002313,58,58,10.00,610.00,"6,100.00",2024-03-25
1104,HRL,2024032505002314,58,58,20.00,610.00,"12,200.00",2024-03-25
1105,HRL,2024032505002315,58,38,10.00,610.00,"6,100.00",2024-03-25
1106,HRL,2024032505002316,58,26,10.00,610.00,"6,100.00",2024-03-25
1107,HRL,2024032505002317,58,14,100.00,610.00,"61,000.00",2024-03-25
1108,HRL,2024032505002318,58,33,24.00,611.00,"14,664.00",2024-03-25
1109,HRL,2024032505002319,58,38,10.00,611.00,"6,110.00",2024-03-25
1110,HRL,2024032505002320,58,58,10.00,611.00,"6,110.00",2024-03-25
1111,HRL,2024032505002321,58,7,10.00,611.00,"6,110.00",2024-03-25
1112,HRL,2024032505002322,58,58,10.00,611.00,"6,110.00",2024-03-25
1113,HRL,2024032505002323,58,41,20.00,611.00,"12,220.00",2024-03-25
1114,HRL,2024032505002324,58,54,10.00,611.00,"6,110.00",2024-03-25
1115,HRL,2024032505002325,58,16,16.00,611.00,"9,776.00",2024-03-25
1116,HRL,2024032505002332,32,41,20.00,609.20,"12,184.00",2024-03-25
1117,HRL,2024032505002337,46,59,30.00,609.50,"18,285.00",2024-03-25
1118,HRL,2024032505002338,46,28,10.00,610.00,"6,100.00",2024-03-25
1119,HRL,2024032505002339,46,6,10.00,610.00,"6,100.00",2024-03-25
1120,HRL,2024032505002340,46,49,10.00,610.00,"6,100.00",2024-03-25
1121,HRL,2024032505002341,46,58,20.00,610.00,"12,200.00",2024-03-25
1122,HRL,2024032505002342,46,43,10.00,610.00,"6,100.00",2024-03-25
1123,HRL,2024032505002343,46,45,30.00,610.00,"18,300.00",2024-03-25
1124,HRL,2024032505002345,46,22,10.00,610.00,"6,100.00",2024-03-25
1125,HRL,2024032505002346,46,49,10.00,610.00,"6,100.00",2024-03-25
1126,HRL,2024032505002349,46,51,10.00,610.00,"6,100.00",2024-03-25
1127,HRL,2024032505002356,46,36,30.00,610.00,"18,300.00",2024-03-25
1128,HRL,2024032505002359,46,41,10.00,610.00,"6,100.00",2024-03-25
1129,HRL,2024032505002369,46,14,20.00,610.00,"12,200.00",2024-03-25
1130,HRL,2024032505002370,46,6,10.00,610.00,"6,100.00",2024-03-25
1131,HRL,2024032505002372,46,45,10.00,610.00,"6,100.00",2024-03-25
1132,HRL,2024032505002378,42,58,10.00,610.10,"6,101.00",2024-03-25
1133,HRL,2024032505002379,17,14,30.00,611.00,"18,330.00",2024-03-25
1134,HRL,2024032505002380,17,82,20.00,611.00,"12,220.00",2024-03-25
1135,HRL,2024032505002381,17,42,10.00,611.00,"6,110.00",2024-03-25
1136,HRL,2024032505002382,17,43,10.00,611.00,"6,110.00",2024-03-25
1137,HRL,2024032505002383,17,32,43.00,611.90,"26,311.70",2024-03-25
1138,HRL,2024032505002388,45,42,20.00,610.20,"12,204.00",2024-03-25
1139,HRL,2024032505002392,45,6,10.00,610.20,"6,102.00",2024-03-25
1140,HRL,2024032505002394,59,14,20.00,610.20,"12,204.00",2024-03-25
1141,HRL,2024032505002395,59,58,10.00,610.20,"6,102.00",2024-03-25
1142,HRL,2024032505002398,32,45,10.00,610.30,"6,103.00",2024-03-25
1143,HRL,2024032505002408,32,6,10.00,610.30,"6,103.00",2024-03-25
1144,HRL,2024032505002409,32,41,10.00,610.30,"6,103.00",2024-03-25
1145,HRL,2024032505002413,32,14,10.00,610.30,"6,103.00",2024-03-25
1146,HRL,2024032505002414,59,14,10.00,610.20,"6,102.00",2024-03-25
1147,HRL,2024032505002419,43,38,10.00,610.40,"6,104.00",2024-03-25
1148,HRL,2024032505002423,43,4,10.00,610.40,"6,104.00",2024-03-25
1149,HRL,2024032505002436,42,58,10.00,611.00,"6,110.00",2024-03-25
1150,HRL,2024032505002437,42,49,10.00,611.00,"6,110.00",2024-03-25
1151,HRL,2024032505002438,42,58,10.00,611.00,"6,110.00",2024-03-25
1152,HRL,2024032505002439,42,14,20.00,611.00,"12,220.00",2024-03-25
1153,HRL,2024032505002443,46,32,15.00,611.40,"9,171.00",2024-03-25
1154,HRL,2024032505002444,42,45,10.00,611.00,"6,110.00",2024-03-25
1155,HRL,2024032505002445,42,34,20.00,611.00,"12,220.00",2024-03-25
1156,HRL,2024032505002448,42,52,10.00,611.00,"6,110.00",2024-03-25
1157,HRL,2024032505002449,42,14,20.00,611.00,"12,220.00",2024-03-25
1158,HRL,2024032505002450,42,35,20.00,611.00,"12,220.00",2024-03-25
1159,HRL,2024032505002452,42,57,20.00,611.00,"12,220.00",2024-03-25
1160,HRL,2024032505002455,42,37,20.00,611.00,"12,220.00",2024-03-25
1161,HRL,2024032505002459,42,29,20.00,611.00,"12,220.00",2024-03-25
1162,HRL,2024032505002460,42,17,300.00,611.00,"183,300.00",2024-03-25
1163,HRL,2024032505002461,19,17,100.00,611.00,"61,100.00",2024-03-25
1164,HRL,2024032505002464,58,16,10.00,611.00,"6,110.00",2024-03-25
1165,HRL,2024032505002465,26,14,20.00,610.50,"12,210.00",2024-03-25
1166,HRL,2024032505002466,6,1,105.00,611.40,"64,197.00",2024-03-25
1167,HRL,2024032505002467,6,58,10.00,611.40,"6,114.00",2024-03-25
1168,HRL,2024032505002468,6,58,10.00,611.50,"6,115.00",2024-03-25
1169,HRL,2024032505002469,6,34,40.00,611.50,"24,460.00",2024-03-25
1170,HRL,2024032505002470,6,50,20.00,611.60,"12,232.00",2024-03-25
1171,HRL,2024032505002471,6,35,115.00,611.80,"70,357.00",2024-03-25
1172,HRL,2024032505002472,26,45,20.00,610.50,"12,210.00",2024-03-25
1173,HRL,2024032505002473,26,45,20.00,610.50,"12,210.00",2024-03-25
1174,HRL,2024032505002475,26,45,20.00,610.50,"12,210.00",2024-03-25
1175,HRL,2024032505002476,43,34,10.00,611.00,"6,110.00",2024-03-25
1176,HRL,2024032505002477,26,34,20.00,610.50,"12,210.00",2024-03-25
1177,HRL,2024032505002485,39,55,50.00,611.00,"30,550.00",2024-03-25
1178,HRL,2024032505002486,34,55,10.00,611.00,"6,110.00",2024-03-25
1179,HRL,2024032505002487,57,29,10.00,610.50,"6,105.00",2024-03-25
1180,HRL,2024032505002488,17,29,20.00,610.30,"12,206.00",2024-03-25
1181,HRL,2024032505002489,17,35,20.00,610.30,"12,206.00",2024-03-25
1182,HRL,2024032505002492,17,51,20.00,610.30,"12,206.00",2024-03-25
1183,HRL,2024032505002493,17,21,10.00,610.30,"6,103.00",2024-03-25
1184,HRL,2024032505002495,17,13,35.00,610.30,"21,360.50",2024-03-25
1185,HRL,2024032505002503,57,58,20.00,610.90,"12,218.00",2024-03-25
1186,HRL,2024032505002506,34,55,20.00,611.00,"12,220.00",2024-03-25
1187,HRL,2024032505002510,57,35,40.00,610.90,"24,436.00",2024-03-25
1188,HRL,2024032505002513,57,62,10.00,610.90,"6,109.00",2024-03-25
1189,HRL,2024032505002514,57,45,10.00,610.90,"6,109.00",2024-03-25
1190,HRL,2024032505002515,14,55,20.00,611.00,"12,220.00",2024-03-25
1191,HRL,2024032505002516,14,36,20.00,611.00,"12,220.00",2024-03-25
1192,HRL,2024032505002517,14,48,10.00,611.00,"6,110.00",2024-03-25
1193,HRL,2024032505002518,14,4,50.00,611.00,"30,550.00",2024-03-25
1194,HRL,2024032505002519,14,56,10.00,611.00,"6,110.00",2024-03-25
1195,HRL,2024032505002520,14,45,10.00,611.00,"6,110.00",2024-03-25
1196,HRL,2024032505002521,14,49,10.00,611.00,"6,110.00",2024-03-25
1197,HRL,2024032505002522,45,41,20.00,611.00,"12,220.00",2024-03-25
1198,HRL,2024032505002523,45,45,10.00,611.70,"6,117.00",2024-03-25
1199,HRL,2024032505002524,45,35,21.00,611.80,"12,847.80",2024-03-25
1200,HRL,2024032505002525,45,56,30.00,611.80,"18,354.00",2024-03-25
1201,HRL,2024032505002526,45,32,57.00,611.90,"34,878.30",2024-03-25
1202,HRL,2024032505002527,45,6,10.00,611.90,"6,119.00",2024-03-25
1203,HRL,2024032505002528,45,43,10.00,611.90,"6,119.00",2024-03-25
1204,HRL,2024032505002529,45,67,20.00,611.90,"12,238.00",2024-03-25
1205,HRL,2024032505002530,45,45,10.00,612.00,"6,120.00",2024-03-25
1206,HRL,2024032505002531,45,55,10.00,612.00,"6,120.00",2024-03-25
1207,HRL,2024032505002532,45,32,10.00,612.00,"6,120.00",2024-03-25
1208,HRL,2024032505002533,45,45,50.00,612.00,"30,600.00",2024-03-25
1209,HRL,2024032505002534,45,35,10.00,612.00,"6,120.00",2024-03-25
1210,HRL,2024032505002535,45,17,10.00,612.00,"6,120.00",2024-03-25
1211,HRL,2024032505002536,45,35,10.00,612.00,"6,120.00",2024-03-25
1212,HRL,2024032505002537,45,58,170.00,612.00,"104,040.00",2024-03-25
1213,HRL,2024032505002538,45,45,10.00,612.00,"6,120.00",2024-03-25
1214,HRL,2024032505002539,45,57,10.00,612.00,"6,120.00",2024-03-25
1215,HRL,2024032505002540,45,49,10.00,612.00,"6,120.00",2024-03-25
1216,HRL,2024032505002541,45,45,20.00,612.00,"12,240.00",2024-03-25
1217,HRL,2024032505002542,45,57,20.00,612.00,"12,240.00",2024-03-25
1218,HRL,2024032505002543,45,25,20.00,612.00,"12,240.00",2024-03-25
1219,HRL,2024032505002544,45,82,20.00,612.00,"12,240.00",2024-03-25
1220,HRL,2024032505002545,45,55,932.00,612.00,"570,384.00",2024-03-25
1221,HRL,2024032505002546,57,56,30.00,610.90,"18,327.00",2024-03-25
1222,HRL,2024032505002551,57,33,10.00,610.90,"6,109.00",2024-03-25
1223,HRL,2024032505002555,21,55,68.00,612.00,"41,616.00",2024-03-25
1224,HRL,2024032505002556,21,58,10.00,612.00,"6,120.00",2024-03-25
1225,HRL,2024032505002557,21,72,20.00,612.00,"12,240.00",2024-03-25
1226,HRL,2024032505002558,21,58,10.00,612.00,"6,120.00",2024-03-25
1227,HRL,2024032505002559,21,58,10.00,612.00,"6,120.00",2024-03-25
1228,HRL,2024032505002560,21,14,40.00,612.00,"24,480.00",2024-03-25
1229,HRL,2024032505002561,21,67,20.00,612.00,"12,240.00",2024-03-25
1230,HRL,2024032505002562,21,21,20.00,612.00,"12,240.00",2024-03-25
1231,HRL,2024032505002563,4,34,10.00,612.00,"6,120.00",2024-03-25
1232,HRL,2024032505002564,4,11,20.00,612.00,"12,240.00",2024-03-25
1233,HRL,2024032505002565,4,26,15.00,612.00,"9,180.00",2024-03-25
1234,HRL,2024032505002566,4,58,10.00,612.00,"6,120.00",2024-03-25
1235,HRL,2024032505002567,4,57,170.00,612.00,"104,040.00",2024-03-25
1236,HRL,2024032505002568,4,35,10.00,612.00,"6,120.00",2024-03-25
1237,HRL,2024032505002569,4,58,10.00,612.00,"6,120.00",2024-03-25
1238,HRL,2024032505002570,4,42,30.00,612.00,"18,360.00",2024-03-25
1239,HRL,2024032505002571,4,29,10.00,612.00,"6,120.00",2024-03-25
1240,HRL,2024032505002572,4,58,10.00,612.00,"6,120.00",2024-03-25
1241,HRL,2024032505002573,4,55,157.00,612.00,"96,084.00",2024-03-25
1242,HRL,2024032505002575,95,55,843.00,612.00,"515,916.00",2024-03-25
1243,HRL,2024032505002577,58,58,20.00,612.00,"12,240.00",2024-03-25
1244,HRL,2024032505002578,52,51,20.00,611.00,"12,220.00",2024-03-25
1245,HRL,2024032505002579,52,38,10.00,611.90,"6,119.00",2024-03-25
1246,HRL,2024032505002580,52,58,10.00,612.00,"6,120.00",2024-03-25
1247,HRL,2024032505002581,57,49,10.00,610.90,"6,109.00",2024-03-25
1248,HRL,2024032505002587,65,39,10.00,611.00,"6,110.00",2024-03-25
1249,HRL,2024032505002594,51,43,30.00,611.00,"18,330.00",2024-03-25
1250,HRL,2024032505002605,4,35,10.00,611.00,"6,110.00",2024-03-25
1251,HRL,2024032505002607,4,11,10.00,611.50,"6,115.00",2024-03-25
1252,HRL,2024032505002608,4,43,10.00,611.50,"6,115.00",2024-03-25
1253,HRL,2024032505002609,4,49,10.00,612.00,"6,120.00",2024-03-25
1254,HRL,2024032505002610,4,34,260.00,612.00,"159,120.00",2024-03-25
1255,HRL,2024032505002612,57,21,20.00,610.90,"12,218.00",2024-03-25
1256,HRL,2024032505002615,22,36,20.00,611.00,"12,220.00",2024-03-25
1257,HRL,2024032505002622,21,58,10.00,611.00,"6,110.00",2024-03-25
1258,HRL,2024032505002628,57,21,38.00,610.90,"23,214.20",2024-03-25
1259,HRL,2024032505002629,58,21,10.00,610.90,"6,109.00",2024-03-25
1260,HRL,2024032505002630,76,21,50.00,610.30,"30,515.00",2024-03-25
1261,HRL,2024032505002631,68,21,2.00,610.00,"1,220.00",2024-03-25
1262,HRL,2024032505002632,57,44,10.00,610.30,"6,103.00",2024-03-25
1263,HRL,2024032505002642,95,29,30.00,610.20,"18,306.00",2024-03-25
1264,HRL,2024032505002643,95,43,50.00,610.20,"30,510.00",2024-03-25
1265,HRL,2024032505002651,95,35,10.00,610.20,"6,102.00",2024-03-25
1266,HRL,2024032505002652,66,41,10.00,610.50,"6,105.00",2024-03-25
1267,HRL,2024032505002653,66,58,20.00,611.00,"12,220.00",2024-03-25
1268,HRL,2024032505002655,95,55,10.00,610.20,"6,102.00",2024-03-25
1269,HRL,2024032505002659,95,14,40.00,610.20,"24,408.00",2024-03-25
1270,HRL,2024032505002666,95,11,20.00,610.20,"12,204.00",2024-03-25
1271,HRL,2024032505002670,95,58,10.00,610.20,"6,102.00",2024-03-25
1272,HRL,2024032505002673,22,1,10.00,611.00,"6,110.00",2024-03-25
1273,HRL,2024032505002674,22,64,20.00,611.00,"12,220.00",2024-03-25
1274,HRL,2024032505002675,22,38,10.00,611.00,"6,110.00",2024-03-25
1275,HRL,2024032505002676,22,38,10.00,611.00,"6,110.00",2024-03-25
1276,HRL,2024032505002677,22,49,10.00,611.00,"6,110.00",2024-03-25
1277,HRL,2024032505002678,22,11,20.00,611.00,"12,220.00",2024-03-25
1278,HRL,2024032505002679,22,35,20.00,611.00,"12,220.00",2024-03-25
1279,HRL,2024032505002680,22,26,20.00,611.00,"12,220.00",2024-03-25
1280,HRL,2024032505002681,22,58,380.00,611.90,"232,522.00",2024-03-25
1281,HRL,2024032505002698,21,58,20.00,611.00,"12,220.00",2024-03-25
1282,HRL,2024032505002701,21,54,20.00,611.00,"12,220.00",2024-03-25
1283,HRL,2024032505002702,34,58,40.00,611.90,"24,476.00",2024-03-25
1284,HRL,2024032505002704,21,14,40.00,611.00,"24,440.00",2024-03-25
1285,HRL,2024032505002707,43,58,410.00,611.90,"250,879.00",2024-03-25
1286,HRL,2024032505002708,43,32,120.00,611.90,"73,428.00",2024-03-25
1287,HRL,2024032505002709,43,34,70.00,612.00,"42,840.00",2024-03-25
1288,HRL,2024032505002710,39,14,25.00,611.90,"15,297.50",2024-03-25
1289,HRL,2024032505002711,58,14,15.00,611.90,"9,178.50",2024-03-25
1290,HRL,2024032505002715,76,54,20.00,611.50,"12,230.00",2024-03-25
1291,HRL,2024032505002716,76,14,10.00,611.50,"6,115.00",2024-03-25
1292,HRL,2024032505002717,76,45,20.00,611.50,"12,230.00",2024-03-25
1293,HRL,2024032505002718,76,34,30.00,611.50,"18,345.00",2024-03-25
1294,HRL,2024032505002719,76,45,10.00,611.50,"6,115.00",2024-03-25
1295,HRL,2024032505002720,76,14,10.00,611.50,"6,115.00",2024-03-25
1296,HRL,2024032505002726,76,44,10.00,611.50,"6,115.00",2024-03-25
1297,HRL,2024032505002741,57,21,10.00,611.60,"6,116.00",2024-03-25
1298,HRL,2024032505002742,57,46,20.00,611.60,"12,232.00",2024-03-25
1299,HRL,2024032505002746,57,57,10.00,611.60,"6,116.00",2024-03-25
1300,HRL,2024032505002747,57,59,30.00,611.60,"18,348.00",2024-03-25
1301,HRL,2024032505002752,57,49,20.00,611.60,"12,232.00",2024-03-25
1302,HRL,2024032505002767,42,34,10.00,611.60,"6,116.00",2024-03-25
1303,HRL,2024032505002776,76,50,10.00,611.50,"6,115.00",2024-03-25
1304,HRL,2024032505002777,76,58,80.00,611.50,"48,920.00",2024-03-25
1305,HRL,2024032505002778,21,58,20.00,611.00,"12,220.00",2024-03-25
1306,HRL,2024032505002779,58,41,30.00,611.00,"18,330.00",2024-03-25
1307,HRL,2024032505002781,58,25,10.00,611.00,"6,110.00",2024-03-25
1308,HRL,2024032505002783,58,37,20.00,611.00,"12,220.00",2024-03-25
1309,HRL,2024032505002784,58,53,10.00,611.00,"6,110.00",2024-03-25
1310,HRL,2024032505002786,58,32,55.00,611.00,"33,605.00",2024-03-25
1311,HRL,2024032505002787,47,32,10.00,611.00,"6,110.00",2024-03-25
1312,HRL,2024032505002788,36,59,30.00,610.90,"18,327.00",2024-03-25
1313,HRL,2024032505002796,36,59,20.00,610.90,"12,218.00",2024-03-25
1314,HRL,2024032505002802,11,58,20.00,610.30,"12,206.00",2024-03-25
1315,HRL,2024032505002804,11,41,10.00,610.30,"6,103.00",2024-03-25
1316,HRL,2024032505002805,46,59,30.00,610.90,"18,327.00",2024-03-25
1317,HRL,2024032505002806,46,32,15.00,611.00,"9,165.00",2024-03-25
1318,HRL,2024032505002807,46,32,20.00,611.00,"12,220.00",2024-03-25
1319,HRL,2024032505002808,46,40,65.00,611.00,"39,715.00",2024-03-25
1320,HRL,2024032505002809,46,26,20.00,611.00,"12,220.00",2024-03-25
1321,HRL,2024032505002811,52,34,20.00,611.60,"12,232.00",2024-03-25
1322,HRL,2024032505002812,52,45,50.00,611.90,"30,595.00",2024-03-25
1323,HRL,2024032505002818,46,35,10.00,611.50,"6,115.00",2024-03-25
1324,HRL,2024032505002819,46,58,100.00,611.50,"61,150.00",2024-03-25
1325,HRL,2024032505002822,46,52,20.00,611.50,"12,230.00",2024-03-25
1326,HRL,2024032505002826,46,47,20.00,611.50,"12,230.00",2024-03-25
1327,HRL,2024032505002828,21,38,20.00,611.40,"12,228.00",2024-03-25
1328,HRL,2024032505002829,21,49,10.00,611.40,"6,114.00",2024-03-25
1329,HRL,2024032505002830,21,21,50.00,611.40,"30,570.00",2024-03-25
1330,HRL,2024032505002831,21,49,30.00,611.40,"18,342.00",2024-03-25
1331,HRL,2024032505002832,21,54,10.00,611.40,"6,114.00",2024-03-25
1332,HRL,2024032505002833,39,59,10.00,610.60,"6,106.00",2024-03-25
1333,HRL,2024032505002834,58,47,30.00,610.50,"18,315.00",2024-03-25
1334,HRL,2024032505002839,46,81,500.00,610.60,"305,300.00",2024-03-25
1335,HRL,2024032505002841,58,52,20.00,610.50,"12,210.00",2024-03-25
1336,HRL,2024032505002843,4,81,40.00,610.60,"24,424.00",2024-03-25
1337,HRL,2024032505002844,58,47,15.00,610.50,"9,157.50",2024-03-25
1338,HRL,2024032505002845,25,81,250.00,610.60,"152,650.00",2024-03-25
1339,HRL,2024032505002846,46,81,140.00,610.60,"85,484.00",2024-03-25
1340,HRL,2024032505002847,34,41,10.00,610.50,"6,105.00",2024-03-25
1341,HRL,2024032505002848,34,58,10.00,610.50,"6,105.00",2024-03-25
1342,HRL,2024032505002851,34,55,10.00,610.50,"6,105.00",2024-03-25
1343,HRL,2024032505002852,11,55,10.00,610.30,"6,103.00",2024-03-25
1344,HRL,2024032505002853,11,16,10.00,610.30,"6,103.00",2024-03-25
1345,HRL,2024032505002854,39,45,10.00,610.50,"6,105.00",2024-03-25
1346,HRL,2024032505002855,39,16,10.00,610.50,"6,105.00",2024-03-25
1347,HRL,2024032505002858,95,34,10.00,610.20,"6,102.00",2024-03-25
1348,HRL,2024032505002860,95,58,20.00,610.20,"12,204.00",2024-03-25
1349,HRL,2024032505002861,95,52,20.00,610.20,"12,204.00",2024-03-25
1350,HRL,2024032505002867,95,58,10.00,610.20,"6,102.00",2024-03-25
1351,HRL,2024032505002868,95,1,10.00,610.20,"6,102.00",2024-03-25
1352,HRL,2024032505002869,95,52,60.00,610.20,"36,612.00",2024-03-25
1353,HRL,2024032505002870,49,52,100.00,610.10,"61,010.00",2024-03-25
1354,HRL,2024032505002871,45,52,340.00,610.00,"207,400.00",2024-03-25
1355,HRL,2024032505002872,45,34,10.00,610.00,"6,100.00",2024-03-25
1356,HRL,2024032505002873,45,50,150.00,610.00,"91,500.00",2024-03-25
1357,HRL,2024032505002874,32,50,300.00,610.00,"183,000.00",2024-03-25
1358,HRL,2024032505002875,35,50,200.00,610.00,"122,000.00",2024-03-25
1359,HRL,2024032505002876,49,50,10.00,610.00,"6,100.00",2024-03-25
1360,HRL,2024032505002877,1,50,10.00,610.00,"6,100.00",2024-03-25
1361,HRL,2024032505002878,38,50,100.00,610.00,"61,000.00",2024-03-25
1362,HRL,2024032505002879,17,50,50.00,610.00,"30,500.00",2024-03-25
1363,HRL,2024032505002880,6,50,10.00,610.00,"6,100.00",2024-03-25
1364,HRL,2024032505002881,68,50,500.00,610.00,"305,000.00",2024-03-25
1365,HRL,2024032505002882,53,50,10.00,610.00,"6,100.00",2024-03-25
1366,HRL,2024032505002883,62,50,40.00,610.00,"24,400.00",2024-03-25
1367,HRL,2024032505002884,68,50,500.00,610.00,"305,000.00",2024-03-25
1368,HRL,2024032505002885,34,50,50.00,610.00,"30,500.00",2024-03-25
1369,HRL,2024032505002886,16,50,50.00,610.00,"30,500.00",2024-03-25
1370,HRL,2024032505002887,52,50,20.00,610.00,"12,200.00",2024-03-25
1371,HRL,2024032505002893,49,62,90.00,609.10,"54,819.00",2024-03-25
1372,HRL,2024032505002895,49,52,20.00,609.10,"12,182.00",2024-03-25
1373,HRL,2024032505002896,46,56,500.00,610.00,"305,000.00",2024-03-25
1374,HRL,2024032505002903,49,37,10.00,609.10,"6,091.00",2024-03-25
1375,HRL,2024032505002907,45,49,10.00,610.00,"6,100.00",2024-03-25
1376,HRL,2024032505002908,45,33,10.00,610.00,"6,100.00",2024-03-25
1377,HRL,2024032505002909,45,17,10.00,610.00,"6,100.00",2024-03-25
1378,HRL,2024032505002912,49,35,10.00,609.10,"6,091.00",2024-03-25
1379,HRL,2024032505002918,49,45,10.00,609.10,"6,091.00",2024-03-25
1380,HRL,2024032505002919,49,14,10.00,609.10,"6,091.00",2024-03-25
1381,HRL,2024032505002921,49,52,20.00,609.10,"12,182.00",2024-03-25
1382,HRL,2024032505002924,49,34,10.00,609.10,"6,091.00",2024-03-25
1383,HRL,2024032505002925,53,34,10.00,609.00,"6,090.00",2024-03-25
1384,HRL,2024032505002928,53,42,20.00,609.00,"12,180.00",2024-03-25
1385,HRL,2024032505002929,53,72,470.00,609.00,"286,230.00",2024-03-25
1386,HRL,2024032505002930,37,72,10.00,609.00,"6,090.00",2024-03-25
1387,HRL,2024032505002931,17,72,50.00,609.00,"30,450.00",2024-03-25
1388,HRL,2024032505002932,85,72,50.00,609.00,"30,450.00",2024-03-25
1389,HRL,2024032505002933,54,72,390.00,609.00,"237,510.00",2024-03-25
1390,HRL,2024032505002936,54,72,30.00,609.00,"18,270.00",2024-03-25
1391,HRL,2024032505002937,54,58,20.00,609.30,"12,186.00",2024-03-25
1392,HRL,2024032505002940,58,56,10.00,608.00,"6,080.00",2024-03-25
1393,HRL,2024032505002942,58,37,30.00,608.00,"18,240.00",2024-03-25
1394,HRL,2024032505002944,49,34,20.00,608.00,"12,160.00",2024-03-25
1395,HRL,2024032505002949,47,51,30.00,607.50,"18,225.00",2024-03-25
1396,HRL,2024032505002954,76,33,50.00,607.60,"30,380.00",2024-03-25
1397,HRL,2024032505002956,47,39,20.00,607.50,"12,150.00",2024-03-25
1398,HRL,2024032505002957,4,39,180.00,607.50,"109,350.00",2024-03-25
1399,HRL,2024032505002958,4,34,10.00,607.50,"6,075.00",2024-03-25
1400,HRL,2024032505002960,4,5,10.00,607.50,"6,075.00",2024-03-25
1401,HRL,2024032505002991,4,52,20.00,607.50,"12,150.00",2024-03-25
1402,HRL,2024032505003011,14,49,10.00,608.00,"6,080.00",2024-03-25
1403,HRL,2024032505003012,14,32,10.00,608.00,"6,080.00",2024-03-25
1404,HRL,2024032505003013,14,58,10.00,608.00,"6,080.00",2024-03-25
1405,HRL,2024032505003020,57,52,20.00,608.00,"12,160.00",2024-03-25
1406,HRL,2024032505003023,57,38,30.00,608.00,"18,240.00",2024-03-25
1407,HRL,2024032505003026,4,56,10.00,607.50,"6,075.00",2024-03-25
1408,HRL,2024032505003027,4,52,10.00,607.50,"6,075.00",2024-03-25
1409,HRL,2024032505003029,4,59,30.00,607.50,"18,225.00",2024-03-25
1410,HRL,2024032505003034,45,38,10.00,607.60,"6,076.00",2024-03-25
1411,HRL,2024032505003035,4,52,20.00,607.50,"12,150.00",2024-03-25
1412,HRL,2024032505003037,4,34,10.00,607.50,"6,075.00",2024-03-25
1413,HRL,2024032505003050,88,41,20.00,607.40,"12,148.00",2024-03-25
1414,HRL,2024032505003062,88,56,10.00,607.40,"6,074.00",2024-03-25
1415,HRL,2024032505003065,58,41,10.00,607.60,"6,076.00",2024-03-25
1416,HRL,2024032505003067,41,41,10.00,607.60,"6,076.00",2024-03-25
1417,HRL,2024032505003068,41,7,10.00,608.00,"6,080.00",2024-03-25
1418,HRL,2024032505003069,41,36,10.00,608.00,"6,080.00",2024-03-25
1419,HRL,2024032505003071,41,13,10.00,608.00,"6,080.00",2024-03-25
1420,HRL,2024032505003074,41,14,25.00,608.00,"15,200.00",2024-03-25
1421,HRL,2024032505003081,88,11,20.00,607.40,"12,148.00",2024-03-25
1422,HRL,2024032505003083,42,58,20.00,608.00,"12,160.00",2024-03-25
1423,HRL,2024032505003084,88,52,10.00,607.40,"6,074.00",2024-03-25
1424,HRL,2024032505003085,88,52,10.00,607.30,"6,073.00",2024-03-25
1425,HRL,2024032505003087,88,51,10.00,607.30,"6,073.00",2024-03-25
1426,HRL,2024032505003094,88,26,10.00,607.30,"6,073.00",2024-03-25
1427,HRL,2024032505003095,88,1,10.00,607.30,"6,073.00",2024-03-25
1428,HRL,2024032505003097,88,25,10.00,607.30,"6,073.00",2024-03-25
1429,HRL,2024032505003100,34,49,10.00,608.00,"6,080.00",2024-03-25
1430,HRL,2024032505003101,34,35,23.00,608.00,"13,984.00",2024-03-25
1431,HRL,2024032505003102,45,35,14.00,608.00,"8,512.00",2024-03-25
1432,HRL,2024032505003107,88,1,10.00,607.30,"6,073.00",2024-03-25
1433,HRL,2024032505003116,88,52,10.00,607.30,"6,073.00",2024-03-25
1434,HRL,2024032505003117,21,52,10.00,607.30,"6,073.00",2024-03-25
1435,HRL,2024032505003118,21,46,30.00,607.30,"18,219.00",2024-03-25
1436,HRL,2024032505003119,53,46,10.00,607.30,"6,073.00",2024-03-25
1437,HRL,2024032505003121,11,49,10.00,607.90,"6,079.00",2024-03-25
1438,HRL,2024032505003122,11,35,380.00,608.00,"231,040.00",2024-03-25
1439,HRL,2024032505003131,33,5,20.00,607.50,"12,150.00",2024-03-25
1440,HRL,2024032505003133,33,42,10.00,607.50,"6,075.00",2024-03-25
1441,HRL,2024032505003134,11,35,113.00,608.00,"68,704.00",2024-03-25
1442,HRL,2024032505003135,11,13,10.00,608.00,"6,080.00",2024-03-25
1443,HRL,2024032505003136,11,26,30.00,608.00,"18,240.00",2024-03-25
1444,HRL,2024032505003137,11,6,20.00,608.00,"12,160.00",2024-03-25
1445,HRL,2024032505003138,53,17,20.00,607.30,"12,146.00",2024-03-25
1446,HRL,2024032505003141,53,22,10.00,607.30,"6,073.00",2024-03-25
1447,HRL,2024032505003142,41,34,16.00,609.00,"9,744.00",2024-03-25
1448,HRL,2024032505003143,42,40,10.00,609.00,"6,090.00",2024-03-25
1449,HRL,2024032505003144,42,21,12.00,609.00,"7,308.00",2024-03-25
1450,HRL,2024032505003146,6,40,10.00,607.90,"6,079.00",2024-03-25
1451,HRL,2024032505003147,53,40,10.00,607.30,"6,073.00",2024-03-25
1452,HRL,2024032505003148,38,40,100.00,607.20,"60,720.00",2024-03-25
1453,HRL,2024032505003149,44,40,130.00,607.20,"78,936.00",2024-03-25
1454,HRL,2024032505003150,44,52,20.00,607.20,"12,144.00",2024-03-25
1455,HRL,2024032505003151,44,45,10.00,607.20,"6,072.00",2024-03-25
1456,HRL,2024032505003153,44,26,20.00,607.20,"12,144.00",2024-03-25
1457,HRL,2024032505003162,10,45,10.00,607.50,"6,075.00",2024-03-25
1458,HRL,2024032505003163,29,11,10.00,607.30,"6,073.00",2024-03-25
1459,HRL,2024032505003164,29,75,10.00,607.30,"6,073.00",2024-03-25
1460,HRL,2024032505003167,52,57,10.00,607.50,"6,075.00",2024-03-25
1461,HRL,2024032505003168,29,58,10.00,607.30,"6,073.00",2024-03-25
1462,HRL,2024032505003175,29,21,970.00,607.30,"589,081.00",2024-03-25
1463,HRL,2024032505003176,44,21,20.00,607.20,"12,144.00",2024-03-25
1464,HRL,2024032505003177,47,21,10.00,607.20,"6,072.00",2024-03-25
1465,HRL,2024032505003179,6,38,10.00,607.50,"6,075.00",2024-03-25
1466,HRL,2024032505003180,6,26,20.00,607.50,"12,150.00",2024-03-25
1467,HRL,2024032505003186,66,36,30.00,607.90,"18,237.00",2024-03-25
1468,HRL,2024032505003187,66,18,50.00,608.00,"30,400.00",2024-03-25
1469,HRL,2024032505003188,66,56,10.00,608.00,"6,080.00",2024-03-25
1470,HRL,2024032505003189,66,71,100.00,608.00,"60,800.00",2024-03-25
1471,HRL,2024032505003198,6,55,20.00,607.50,"12,150.00",2024-03-25
1472,HRL,2024032505003202,41,4,10.00,607.50,"6,075.00",2024-03-25
1473,HRL,2024032505003204,16,4,20.00,607.40,"12,148.00",2024-03-25
1474,HRL,2024032505003205,16,33,10.00,607.40,"6,074.00",2024-03-25
1475,HRL,2024032505003208,16,17,20.00,607.40,"12,148.00",2024-03-25
1476,HRL,2024032505003215,16,17,20.00,607.40,"12,148.00",2024-03-25
1477,HRL,2024032505003216,16,34,10.00,607.40,"6,074.00",2024-03-25
1478,HRL,2024032505003217,26,4,20.00,607.50,"12,150.00",2024-03-25
1479,HRL,2024032505003218,16,52,20.00,607.40,"12,148.00",2024-03-25
1480,HRL,2024032505003221,16,13,10.00,607.40,"6,074.00",2024-03-25
1481,HRL,2024032505003225,16,48,20.00,607.40,"12,148.00",2024-03-25
1482,HRL,2024032505003226,16,53,20.00,607.40,"12,148.00",2024-03-25
1483,HRL,2024032505003227,16,42,10.00,607.40,"6,074.00",2024-03-25
1484,HRL,2024032505003229,16,17,20.00,607.40,"12,148.00",2024-03-25
1485,HRL,2024032505003231,16,49,10.00,607.40,"6,074.00",2024-03-25
1486,HRL,2024032505003232,16,45,10.00,607.40,"6,074.00",2024-03-25
1487,HRL,2024032505003233,58,45,10.00,607.40,"6,074.00",2024-03-25
1488,HRL,2024032505003240,58,7,10.00,607.40,"6,074.00",2024-03-25
1489,HRL,2024032505003243,58,22,10.00,607.40,"6,074.00",2024-03-25
1490,HRL,2024032505003244,21,4,30.00,607.50,"18,225.00",2024-03-25
1491,HRL,2024032505003245,58,81,37.00,607.40,"22,473.80",2024-03-25
1492,HRL,2024032505003246,68,81,10.00,607.30,"6,073.00",2024-03-25
1493,HRL,2024032505003247,19,81,100.00,607.30,"60,730.00",2024-03-25
1494,HRL,2024032505003248,47,81,132.00,607.20,"80,150.40",2024-03-25
