SN,Symbol,Transaction No.,Buyer Broker,Seller Broker,Share Quantity,Rate(Rs),Amount(Rs),Traded Date
1,HRL,2024030705000002,35,22,10.00,630.00,"6,300.00",2024-03-07
2,HRL,2024030705000003,35,11,10.00,630.00,"6,300.00",2024-03-07
3,HRL,2024030705000006,42,58,20.00,629.00,"12,580.00",2024-03-07
4,HRL,2024030705000007,42,13,10.00,629.00,"6,290.00",2024-03-07
5,HRL,2024030705000009,42,4,20.00,629.00,"12,580.00",2024-03-07
6,HRL,2024030705000010,42,59,10.00,629.00,"6,290.00",2024-03-07
7,HRL,2024030705000011,42,1,30.00,629.00,"18,870.00",2024-03-07
8,HRL,2024030705000012,42,29,210.00,629.00,"132,090.00",2024-03-07
9,HRL,2024030705000013,47,29,30.00,629.00,"18,870.00",2024-03-07
10,HRL,2024030705000014,38,29,210.00,629.00,"132,090.00",2024-03-07
11,HRL,2024030705000015,38,72,40.00,629.00,"25,160.00",2024-03-07
12,HRL,2024030705000016,67,72,10.00,629.00,"6,290.00",2024-03-07
13,HRL,2024030705000018,47,72,50.00,629.00,"31,450.00",2024-03-07
14,HRL,2024030705000020,58,6,10.00,628.90,"6,289.00",2024-03-07
15,HRL,2024030705000027,18,6,40.00,628.90,"25,156.00",2024-03-07
16,HRL,2024030705000030,56,14,20.00,629.00,"12,580.00",2024-03-07
17,HRL,2024030705000032,56,42,15.00,629.00,"9,435.00",2024-03-07
18,HRL,2024030705000034,56,4,10.00,629.00,"6,290.00",2024-03-07
19,HRL,2024030705000035,47,34,10.00,629.40,"6,294.00",2024-03-07
20,HRL,2024030705000036,47,38,80.00,629.90,"50,392.00",2024-03-07
21,HRL,2024030705000041,18,58,10.00,630.00,"6,300.00",2024-03-07
22,HRL,2024030705000042,18,19,50.00,630.00,"31,500.00",2024-03-07
23,HRL,2024030705000043,47,45,10.00,629.90,"6,299.00",2024-03-07
24,HRL,2024030705000044,56,45,455.00,629.00,"286,195.00",2024-03-07
25,HRL,2024030705000047,57,45,100.00,629.00,"62,900.00",2024-03-07
26,HRL,2024030705000048,67,32,10.00,628.00,"6,280.00",2024-03-07
27,HRL,2024030705000057,57,28,10.00,628.00,"6,280.00",2024-03-07
28,HRL,2024030705000060,57,53,29.00,628.00,"18,212.00",2024-03-07
29,HRL,2024030705000062,74,22,200.00,628.90,"125,780.00",2024-03-07
30,HRL,2024030705000063,74,45,235.00,629.00,"147,815.00",2024-03-07
31,HRL,2024030705000064,57,57,100.00,628.00,"62,800.00",2024-03-07
32,HRL,2024030705000065,49,45,50.00,629.00,"31,450.00",2024-03-07
33,HRL,2024030705000067,35,45,25.00,629.00,"15,725.00",2024-03-07
34,HRL,2024030705000068,57,57,20.00,628.00,"12,560.00",2024-03-07
35,HRL,2024030705000069,7,45,11.00,629.00,"6,919.00",2024-03-07
36,HRL,2024030705000071,49,45,114.00,629.00,"71,706.00",2024-03-07
37,HRL,2024030705000072,49,19,10.00,629.00,"6,290.00",2024-03-07
38,HRL,2024030705000073,49,58,10.00,629.00,"6,290.00",2024-03-07
39,HRL,2024030705000075,49,54,20.00,629.00,"12,580.00",2024-03-07
40,HRL,2024030705000076,49,41,20.00,629.00,"12,580.00",2024-03-07
41,HRL,2024030705000077,41,34,300.00,630.00,"189,000.00",2024-03-07
42,HRL,2024030705000078,41,45,100.00,630.00,"63,000.00",2024-03-07
43,HRL,2024030705000079,41,57,100.00,630.00,"63,000.00",2024-03-07
44,HRL,2024030705000080,38,57,20.00,630.00,"12,600.00",2024-03-07
45,HRL,2024030705000081,38,34,10.00,630.00,"6,300.00",2024-03-07
46,HRL,2024030705000082,38,36,470.00,630.00,"296,100.00",2024-03-07
47,HRL,2024030705000083,49,36,30.00,630.00,"18,900.00",2024-03-07
48,HRL,2024030705000084,49,52,10.00,630.00,"6,300.00",2024-03-07
49,HRL,2024030705000089,74,45,500.00,630.10,"315,050.00",2024-03-07
50,HRL,2024030705000090,52,55,200.00,630.10,"126,020.00",2024-03-07
51,HRL,2024030705000091,52,14,10.00,630.10,"6,301.00",2024-03-07
52,HRL,2024030705000093,52,38,20.00,630.10,"12,602.00",2024-03-07
53,HRL,2024030705000095,13,53,20.00,631.00,"12,620.00",2024-03-07
54,HRL,2024030705000096,13,58,10.00,631.00,"6,310.00",2024-03-07
55,HRL,2024030705000097,13,58,10.00,632.90,"6,329.00",2024-03-07
56,HRL,2024030705000098,13,51,50.00,633.00,"31,650.00",2024-03-07
57,HRL,2024030705000099,13,18,100.00,633.00,"63,300.00",2024-03-07
58,HRL,2024030705000100,13,21,10.00,633.00,"6,330.00",2024-03-07
59,HRL,2024030705000102,52,57,10.00,630.10,"6,301.00",2024-03-07
60,HRL,2024030705000103,52,14,20.00,630.10,"12,602.00",2024-03-07
61,HRL,2024030705000107,48,37,58.00,632.00,"36,656.00",2024-03-07
62,HRL,2024030705000108,48,42,20.00,632.00,"12,640.00",2024-03-07
63,HRL,2024030705000110,48,57,100.00,632.00,"63,200.00",2024-03-07
64,HRL,2024030705000112,48,34,10.00,632.00,"6,320.00",2024-03-07
65,HRL,2024030705000113,48,58,312.00,632.00,"197,184.00",2024-03-07
66,HRL,2024030705000114,54,58,188.00,632.00,"118,816.00",2024-03-07
67,HRL,2024030705000115,54,58,20.00,633.00,"12,660.00",2024-03-07
68,HRL,2024030705000116,54,19,10.00,633.00,"6,330.00",2024-03-07
69,HRL,2024030705000117,54,55,200.00,633.00,"126,600.00",2024-03-07
70,HRL,2024030705000118,54,58,30.00,633.00,"18,990.00",2024-03-07
71,HRL,2024030705000123,49,10,100.00,633.10,"63,310.00",2024-03-07
72,HRL,2024030705000124,54,10,52.00,633.00,"32,916.00",2024-03-07
73,HRL,2024030705000125,42,10,24.00,633.00,"15,192.00",2024-03-07
74,HRL,2024030705000126,47,10,124.00,633.00,"78,492.00",2024-03-07
75,HRL,2024030705000128,47,6,10.00,633.00,"6,330.00",2024-03-07
76,HRL,2024030705000129,47,38,10.00,633.00,"6,330.00",2024-03-07
77,HRL,2024030705000132,47,13,10.00,633.00,"6,330.00",2024-03-07
78,HRL,2024030705000135,47,32,30.00,633.00,"18,990.00",2024-03-07
79,HRL,2024030705000136,47,22,10.00,633.00,"6,330.00",2024-03-07
80,HRL,2024030705000137,47,29,10.00,633.00,"6,330.00",2024-03-07
81,HRL,2024030705000139,47,94,26.00,633.00,"16,458.00",2024-03-07
82,HRL,2024030705000140,58,94,100.00,633.00,"63,300.00",2024-03-07
83,HRL,2024030705000141,49,94,100.00,633.00,"63,300.00",2024-03-07
84,HRL,2024030705000142,5,94,74.00,633.00,"46,842.00",2024-03-07
85,HRL,2024030705000143,5,57,86.00,633.00,"54,438.00",2024-03-07
86,HRL,2024030705000144,52,11,10.00,630.10,"6,301.00",2024-03-07
87,HRL,2024030705000145,39,57,50.00,633.00,"31,650.00",2024-03-07
88,HRL,2024030705000147,50,36,20.00,630.20,"12,604.00",2024-03-07
89,HRL,2024030705000148,50,57,64.00,633.00,"40,512.00",2024-03-07
90,HRL,2024030705000149,50,48,10.00,634.00,"6,340.00",2024-03-07
91,HRL,2024030705000150,50,6,25.00,634.00,"15,850.00",2024-03-07
92,HRL,2024030705000151,50,19,100.00,634.00,"63,400.00",2024-03-07
93,HRL,2024030705000152,50,50,180.00,634.00,"114,120.00",2024-03-07
94,HRL,2024030705000153,50,55,101.00,634.00,"64,034.00",2024-03-07
95,HRL,2024030705000154,52,58,20.00,630.10,"12,602.00",2024-03-07
96,HRL,2024030705000155,52,34,10.00,630.10,"6,301.00",2024-03-07
97,HRL,2024030705000158,21,6,100.00,632.90,"63,290.00",2024-03-07
98,HRL,2024030705000160,32,42,25.00,631.00,"15,775.00",2024-03-07
99,HRL,2024030705000161,32,47,20.00,631.00,"12,620.00",2024-03-07
100,HRL,2024030705000169,59,38,50.00,632.00,"31,600.00",2024-03-07
101,HRL,2024030705000170,59,14,10.00,632.80,"6,328.00",2024-03-07
102,HRL,2024030705000171,59,1,100.00,632.90,"63,290.00",2024-03-07
103,HRL,2024030705000172,59,38,10.00,633.00,"6,330.00",2024-03-07
104,HRL,2024030705000173,59,72,50.00,633.00,"31,650.00",2024-03-07
105,HRL,2024030705000174,59,53,250.00,633.00,"158,250.00",2024-03-07
106,HRL,2024030705000175,59,58,10.00,633.00,"6,330.00",2024-03-07
107,HRL,2024030705000176,59,72,20.00,633.00,"12,660.00",2024-03-07
108,HRL,2024030705000181,59,72,30.00,633.00,"18,990.00",2024-03-07
109,HRL,2024030705000182,59,52,10.00,633.00,"6,330.00",2024-03-07
110,HRL,2024030705000183,59,57,100.00,633.90,"63,390.00",2024-03-07
111,HRL,2024030705000184,59,55,399.00,634.00,"252,966.00",2024-03-07
112,HRL,2024030705000185,59,49,10.00,634.00,"6,340.00",2024-03-07
113,HRL,2024030705000186,59,57,10.00,634.00,"6,340.00",2024-03-07
114,HRL,2024030705000187,59,19,10.00,634.00,"6,340.00",2024-03-07
115,HRL,2024030705000191,59,58,20.00,634.00,"12,680.00",2024-03-07
116,HRL,2024030705000192,59,57,10.00,634.00,"6,340.00",2024-03-07
117,HRL,2024030705000193,7,57,10.00,632.00,"6,320.00",2024-03-07
118,HRL,2024030705000197,49,28,10.00,633.00,"6,330.00",2024-03-07
119,HRL,2024030705000199,49,6,16.00,633.00,"10,128.00",2024-03-07
120,HRL,2024030705000200,7,33,40.00,632.00,"25,280.00",2024-03-07
121,HRL,2024030705000207,41,33,100.00,632.00,"63,200.00",2024-03-07
122,HRL,2024030705000211,41,48,10.00,632.00,"6,320.00",2024-03-07
123,HRL,2024030705000213,41,17,10.00,632.00,"6,320.00",2024-03-07
124,HRL,2024030705000214,41,45,80.00,632.00,"50,560.00",2024-03-07
125,HRL,2024030705000215,61,45,100.00,632.00,"63,200.00",2024-03-07
126,HRL,2024030705000216,32,45,25.00,631.00,"15,775.00",2024-03-07
127,HRL,2024030705000217,34,45,50.00,631.00,"31,550.00",2024-03-07
128,HRL,2024030705000222,56,16,10.00,630.30,"6,303.00",2024-03-07
129,HRL,2024030705000223,56,25,10.00,630.30,"6,303.00",2024-03-07
130,HRL,2024030705000224,13,25,50.00,630.00,"31,500.00",2024-03-07
131,HRL,2024030705000225,49,25,440.00,630.00,"277,200.00",2024-03-07
132,HRL,2024030705000227,49,28,10.00,630.00,"6,300.00",2024-03-07
133,HRL,2024030705000228,46,45,245.00,631.00,"154,595.00",2024-03-07
134,HRL,2024030705000232,49,38,10.00,630.00,"6,300.00",2024-03-07
135,HRL,2024030705000236,49,21,20.00,630.00,"12,600.00",2024-03-07
136,HRL,2024030705000239,53,47,10.00,631.00,"6,310.00",2024-03-07
137,HRL,2024030705000240,53,47,20.00,631.00,"12,620.00",2024-03-07
138,HRL,2024030705000241,53,39,20.00,631.00,"12,620.00",2024-03-07
139,HRL,2024030705000242,49,28,10.00,630.00,"6,300.00",2024-03-07
140,HRL,2024030705000243,49,49,10.00,630.00,"6,300.00",2024-03-07
141,HRL,2024030705000244,13,49,10.00,630.00,"6,300.00",2024-03-07
142,HRL,2024030705000245,13,6,10.00,630.00,"6,300.00",2024-03-07
143,HRL,2024030705000246,13,58,30.00,630.00,"18,900.00",2024-03-07
144,HRL,2024030705000252,13,59,10.00,630.00,"6,300.00",2024-03-07
145,HRL,2024030705000256,17,41,10.00,631.00,"6,310.00",2024-03-07
146,HRL,2024030705000257,17,51,10.00,631.00,"6,310.00",2024-03-07
147,HRL,2024030705000258,8,51,10.00,631.00,"6,310.00",2024-03-07
148,HRL,2024030705000260,8,1,20.00,631.00,"12,620.00",2024-03-07
149,HRL,2024030705000262,8,58,10.00,631.00,"6,310.00",2024-03-07
150,HRL,2024030705000263,13,58,10.00,630.00,"6,300.00",2024-03-07
151,HRL,2024030705000274,13,35,10.00,630.00,"6,300.00",2024-03-07
152,HRL,2024030705000277,13,55,20.00,630.00,"12,600.00",2024-03-07
153,HRL,2024030705000278,13,41,20.00,630.00,"12,600.00",2024-03-07
154,HRL,2024030705000283,28,39,30.00,629.00,"18,870.00",2024-03-07
155,HRL,2024030705000284,28,28,10.00,629.00,"6,290.00",2024-03-07
156,HRL,2024030705000289,28,21,10.00,629.00,"6,290.00",2024-03-07
157,HRL,2024030705000291,33,45,10.00,629.00,"6,290.00",2024-03-07
158,HRL,2024030705000294,54,57,100.00,628.20,"62,820.00",2024-03-07
159,HRL,2024030705000295,57,57,100.00,628.10,"62,810.00",2024-03-07
160,HRL,2024030705000296,57,47,20.00,628.00,"12,560.00",2024-03-07
161,HRL,2024030705000297,57,29,10.00,628.00,"6,280.00",2024-03-07
162,HRL,2024030705000298,57,7,10.00,628.00,"6,280.00",2024-03-07
163,HRL,2024030705000299,57,14,20.00,628.00,"12,560.00",2024-03-07
164,HRL,2024030705000300,57,21,20.00,628.00,"12,560.00",2024-03-07
165,HRL,2024030705000302,57,48,40.00,628.00,"25,120.00",2024-03-07
166,HRL,2024030705000303,57,77,10.00,628.00,"6,280.00",2024-03-07
167,HRL,2024030705000305,57,49,10.00,628.00,"6,280.00",2024-03-07
168,HRL,2024030705000306,57,29,1.00,628.00,628.00,2024-03-07
169,HRL,2024030705000308,8,58,120.00,628.00,"75,360.00",2024-03-07
170,HRL,2024030705000309,13,58,300.00,628.00,"188,400.00",2024-03-07
171,HRL,2024030705000317,42,43,240.00,627.00,"150,480.00",2024-03-07
172,HRL,2024030705000320,29,58,80.00,628.00,"50,240.00",2024-03-07
173,HRL,2024030705000321,29,19,20.00,628.00,"12,560.00",2024-03-07
174,HRL,2024030705000322,42,35,10.00,627.00,"6,270.00",2024-03-07
175,HRL,2024030705000323,42,35,10.00,627.00,"6,270.00",2024-03-07
176,HRL,2024030705000324,42,45,21.00,627.00,"13,167.00",2024-03-07
177,HRL,2024030705000325,42,49,10.00,627.00,"6,270.00",2024-03-07
178,HRL,2024030705000327,42,14,20.00,627.00,"12,540.00",2024-03-07
179,HRL,2024030705000330,42,16,10.00,627.00,"6,270.00",2024-03-07
180,HRL,2024030705000331,42,26,10.00,627.00,"6,270.00",2024-03-07
181,HRL,2024030705000332,33,19,10.00,628.00,"6,280.00",2024-03-07
182,HRL,2024030705000337,42,34,10.00,627.00,"6,270.00",2024-03-07
183,HRL,2024030705000338,42,19,100.00,628.00,"62,800.00",2024-03-07
184,HRL,2024030705000339,42,17,10.00,627.00,"6,270.00",2024-03-07
185,HRL,2024030705000342,42,53,50.00,627.00,"31,350.00",2024-03-07
186,HRL,2024030705000345,42,42,10.00,627.00,"6,270.00",2024-03-07
187,HRL,2024030705000346,47,19,70.00,628.00,"43,960.00",2024-03-07
188,HRL,2024030705000347,47,58,20.00,628.00,"12,560.00",2024-03-07
189,HRL,2024030705000348,47,32,30.00,628.00,"18,840.00",2024-03-07
190,HRL,2024030705000350,42,50,10.00,627.00,"6,270.00",2024-03-07
191,HRL,2024030705000353,5,22,10.00,628.00,"6,280.00",2024-03-07
192,HRL,2024030705000357,42,47,30.00,627.00,"18,810.00",2024-03-07
193,HRL,2024030705000359,42,47,20.00,627.00,"12,540.00",2024-03-07
194,HRL,2024030705000361,42,10,20.00,627.00,"12,540.00",2024-03-07
195,HRL,2024030705000362,11,32,10.00,627.00,"6,270.00",2024-03-07
196,HRL,2024030705000363,11,14,10.00,627.00,"6,270.00",2024-03-07
197,HRL,2024030705000365,11,32,20.00,627.00,"12,540.00",2024-03-07
198,HRL,2024030705000366,11,4,10.00,627.00,"6,270.00",2024-03-07
199,HRL,2024030705000367,38,4,30.00,627.00,"18,810.00",2024-03-07
200,HRL,2024030705000368,41,22,10.00,628.00,"6,280.00",2024-03-07
201,HRL,2024030705000369,41,58,20.00,628.00,"12,560.00",2024-03-07
202,HRL,2024030705000370,41,49,10.00,628.00,"6,280.00",2024-03-07
203,HRL,2024030705000371,41,14,10.00,628.00,"6,280.00",2024-03-07
204,HRL,2024030705000373,41,57,10.00,628.00,"6,280.00",2024-03-07
205,HRL,2024030705000374,41,58,40.00,628.00,"25,120.00",2024-03-07
206,HRL,2024030705000375,38,58,10.00,627.00,"6,270.00",2024-03-07
207,HRL,2024030705000377,38,38,10.00,627.00,"6,270.00",2024-03-07
208,HRL,2024030705000379,38,38,10.00,627.00,"6,270.00",2024-03-07
209,HRL,2024030705000381,38,84,20.00,627.00,"12,540.00",2024-03-07
210,HRL,2024030705000384,38,14,20.00,627.00,"12,540.00",2024-03-07
211,HRL,2024030705000386,38,46,30.00,627.00,"18,810.00",2024-03-07
212,HRL,2024030705000390,38,36,30.00,627.00,"18,810.00",2024-03-07
213,HRL,2024030705000392,42,22,150.00,627.00,"94,050.00",2024-03-07
214,HRL,2024030705000395,42,48,20.00,627.00,"12,540.00",2024-03-07
215,HRL,2024030705000398,42,56,130.00,627.00,"81,510.00",2024-03-07
216,HRL,2024030705000399,49,56,370.00,627.00,"231,990.00",2024-03-07
217,HRL,2024030705000400,6,58,48.00,628.00,"30,144.00",2024-03-07
218,HRL,2024030705000401,6,52,10.00,628.00,"6,280.00",2024-03-07
219,HRL,2024030705000402,6,52,142.00,628.00,"89,176.00",2024-03-07
220,HRL,2024030705000403,49,11,20.00,627.00,"12,540.00",2024-03-07
221,HRL,2024030705000404,49,50,10.00,627.00,"6,270.00",2024-03-07
222,HRL,2024030705000405,49,59,100.00,627.00,"62,700.00",2024-03-07
223,HRL,2024030705000406,49,59,20.00,627.00,"12,540.00",2024-03-07
224,HRL,2024030705000408,13,59,400.00,626.10,"250,440.00",2024-03-07
225,HRL,2024030705000409,42,59,300.00,626.00,"187,800.00",2024-03-07
226,HRL,2024030705000410,42,59,200.00,626.00,"125,200.00",2024-03-07
227,HRL,2024030705000411,35,39,10.00,625.00,"6,250.00",2024-03-07
228,HRL,2024030705000414,35,1,10.00,625.00,"6,250.00",2024-03-07
229,HRL,2024030705000415,7,38,10.00,625.00,"6,250.00",2024-03-07
230,HRL,2024030705000416,7,52,190.00,625.00,"118,750.00",2024-03-07
231,HRL,2024030705000417,42,52,68.00,625.00,"42,500.00",2024-03-07
232,HRL,2024030705000421,1,41,100.00,625.00,"62,500.00",2024-03-07
233,HRL,2024030705000422,49,41,430.00,625.00,"268,750.00",2024-03-07
234,HRL,2024030705000424,49,1,30.00,625.00,"18,750.00",2024-03-07
235,HRL,2024030705000425,49,47,20.00,625.00,"12,500.00",2024-03-07
236,HRL,2024030705000426,49,53,20.00,625.00,"12,500.00",2024-03-07
237,HRL,2024030705000427,57,53,100.00,625.00,"62,500.00",2024-03-07
238,HRL,2024030705000430,1,33,10.00,624.90,"6,249.00",2024-03-07
239,HRL,2024030705000435,38,28,120.00,624.00,"74,880.00",2024-03-07
240,HRL,2024030705000436,38,59,30.00,624.00,"18,720.00",2024-03-07
241,HRL,2024030705000437,38,5,20.00,624.00,"12,480.00",2024-03-07
242,HRL,2024030705000442,38,42,10.00,624.00,"6,240.00",2024-03-07
243,HRL,2024030705000445,38,53,100.00,624.00,"62,400.00",2024-03-07
244,HRL,2024030705000446,38,34,10.00,624.00,"6,240.00",2024-03-07
245,HRL,2024030705000447,38,52,20.00,624.00,"12,480.00",2024-03-07
246,HRL,2024030705000449,38,14,20.00,624.00,"12,480.00",2024-03-07
247,HRL,2024030705000451,38,16,10.00,624.00,"6,240.00",2024-03-07
248,HRL,2024030705000453,38,32,10.00,624.00,"6,240.00",2024-03-07
249,HRL,2024030705000454,57,32,100.00,621.10,"62,110.00",2024-03-07
250,HRL,2024030705000455,71,32,160.00,621.00,"99,360.00",2024-03-07
251,HRL,2024030705000459,34,10,20.00,621.10,"12,422.00",2024-03-07
252,HRL,2024030705000460,34,58,20.00,621.10,"12,422.00",2024-03-07
253,HRL,2024030705000461,34,14,30.00,621.10,"18,633.00",2024-03-07
254,HRL,2024030705000469,34,17,10.00,621.10,"6,211.00",2024-03-07
255,HRL,2024030705000470,34,18,20.00,621.10,"12,422.00",2024-03-07
256,HRL,2024030705000473,67,58,10.00,621.50,"6,215.00",2024-03-07
257,HRL,2024030705000474,71,58,30.00,621.00,"18,630.00",2024-03-07
258,HRL,2024030705000477,35,56,10.00,622.00,"6,220.00",2024-03-07
259,HRL,2024030705000479,71,52,10.00,621.00,"6,210.00",2024-03-07
260,HRL,2024030705000480,71,11,20.00,621.00,"12,420.00",2024-03-07
261,HRL,2024030705000481,71,32,10.00,621.00,"6,210.00",2024-03-07
262,HRL,2024030705000485,81,58,10.00,622.00,"6,220.00",2024-03-07
263,HRL,2024030705000486,81,49,10.00,622.00,"6,220.00",2024-03-07
264,HRL,2024030705000487,81,14,30.00,622.00,"18,660.00",2024-03-07
265,HRL,2024030705000495,39,34,30.00,622.00,"18,660.00",2024-03-07
266,HRL,2024030705000496,39,32,20.00,622.00,"12,440.00",2024-03-07
267,HRL,2024030705000497,39,11,20.00,622.00,"12,440.00",2024-03-07
268,HRL,2024030705000500,32,55,20.00,621.20,"12,424.00",2024-03-07
269,HRL,2024030705000501,32,17,10.00,621.20,"6,212.00",2024-03-07
270,HRL,2024030705000503,48,64,200.00,622.10,"124,420.00",2024-03-07
271,HRL,2024030705000504,48,34,20.00,622.10,"12,442.00",2024-03-07
272,HRL,2024030705000508,48,11,20.00,622.10,"12,442.00",2024-03-07
273,HRL,2024030705000509,48,14,200.00,622.10,"124,420.00",2024-03-07
274,HRL,2024030705000510,48,11,20.00,622.10,"12,442.00",2024-03-07
275,HRL,2024030705000514,40,14,30.00,622.50,"18,675.00",2024-03-07
276,HRL,2024030705000520,40,11,20.00,622.50,"12,450.00",2024-03-07
277,HRL,2024030705000521,58,35,10.00,622.60,"6,226.00",2024-03-07
278,HRL,2024030705000523,58,57,10.00,622.60,"6,226.00",2024-03-07
279,HRL,2024030705000524,58,53,30.00,622.60,"18,678.00",2024-03-07
280,HRL,2024030705000525,33,53,10.00,622.60,"6,226.00",2024-03-07
281,HRL,2024030705000526,38,53,110.00,622.60,"68,486.00",2024-03-07
282,HRL,2024030705000527,38,11,10.00,622.60,"6,226.00",2024-03-07
283,HRL,2024030705000531,38,11,20.00,622.60,"12,452.00",2024-03-07
284,HRL,2024030705000532,38,51,10.00,622.60,"6,226.00",2024-03-07
285,HRL,2024030705000533,58,38,20.00,623.00,"12,460.00",2024-03-07
286,HRL,2024030705000534,58,45,10.00,623.00,"6,230.00",2024-03-07
287,HRL,2024030705000536,58,11,20.00,623.00,"12,460.00",2024-03-07
288,HRL,2024030705000537,58,57,20.00,623.00,"12,460.00",2024-03-07
289,HRL,2024030705000538,58,53,100.00,623.00,"62,300.00",2024-03-07
290,HRL,2024030705000540,49,56,10.00,624.00,"6,240.00",2024-03-07
291,HRL,2024030705000541,49,77,20.00,624.00,"12,480.00",2024-03-07
292,HRL,2024030705000542,58,47,20.00,623.00,"12,460.00",2024-03-07
293,HRL,2024030705000544,58,49,10.00,623.00,"6,230.00",2024-03-07
294,HRL,2024030705000545,58,26,10.00,623.00,"6,230.00",2024-03-07
295,HRL,2024030705000546,58,35,10.00,623.00,"6,230.00",2024-03-07
296,HRL,2024030705000553,58,51,10.00,623.00,"6,230.00",2024-03-07
297,HRL,2024030705000554,53,57,10.00,624.00,"6,240.00",2024-03-07
298,HRL,2024030705000555,53,57,18.00,624.00,"11,232.00",2024-03-07
299,HRL,2024030705000556,58,13,10.00,623.00,"6,230.00",2024-03-07
300,HRL,2024030705000557,56,57,12.00,624.00,"7,488.00",2024-03-07
301,HRL,2024030705000559,58,50,10.00,623.00,"6,230.00",2024-03-07
302,HRL,2024030705000565,49,36,20.00,623.20,"12,464.00",2024-03-07
303,HRL,2024030705000567,56,52,10.00,624.00,"6,240.00",2024-03-07
304,HRL,2024030705000568,49,35,10.00,623.20,"6,232.00",2024-03-07
305,HRL,2024030705000570,49,34,20.00,623.20,"12,464.00",2024-03-07
306,HRL,2024030705000580,39,53,30.00,623.20,"18,696.00",2024-03-07
307,HRL,2024030705000581,58,22,10.00,623.00,"6,230.00",2024-03-07
308,HRL,2024030705000582,58,28,10.00,623.00,"6,230.00",2024-03-07
309,HRL,2024030705000583,58,45,10.00,623.00,"6,230.00",2024-03-07
310,HRL,2024030705000585,22,53,20.00,623.20,"12,464.00",2024-03-07
311,HRL,2024030705000586,22,34,10.00,623.20,"6,232.00",2024-03-07
312,HRL,2024030705000587,22,49,10.00,623.20,"6,232.00",2024-03-07
313,HRL,2024030705000589,35,26,10.00,623.30,"6,233.00",2024-03-07
314,HRL,2024030705000590,35,49,20.00,623.30,"12,466.00",2024-03-07
315,HRL,2024030705000596,47,4,10.00,624.00,"6,240.00",2024-03-07
316,HRL,2024030705000597,47,58,20.00,624.00,"12,480.00",2024-03-07
317,HRL,2024030705000598,47,28,10.00,624.00,"6,240.00",2024-03-07
318,HRL,2024030705000607,61,34,10.00,624.90,"6,249.00",2024-03-07
319,HRL,2024030705000608,61,18,100.00,625.00,"62,500.00",2024-03-07
320,HRL,2024030705000609,61,18,90.00,625.00,"56,250.00",2024-03-07
321,HRL,2024030705000618,35,14,10.00,624.00,"6,240.00",2024-03-07
322,HRL,2024030705000619,35,18,10.00,625.00,"6,250.00",2024-03-07
323,HRL,2024030705000620,35,7,10.00,625.00,"6,250.00",2024-03-07
324,HRL,2024030705000621,35,32,10.00,625.00,"6,250.00",2024-03-07
325,HRL,2024030705000622,35,52,20.00,625.00,"12,500.00",2024-03-07
326,HRL,2024030705000623,35,35,10.00,625.00,"6,250.00",2024-03-07
327,HRL,2024030705000624,35,34,10.00,625.00,"6,250.00",2024-03-07
328,HRL,2024030705000625,35,58,10.00,625.00,"6,250.00",2024-03-07
329,HRL,2024030705000626,35,14,10.00,625.00,"6,250.00",2024-03-07
330,HRL,2024030705000627,44,55,500.00,625.00,"312,500.00",2024-03-07
331,HRL,2024030705000628,49,55,30.00,625.00,"18,750.00",2024-03-07
332,HRL,2024030705000634,39,55,60.00,625.00,"37,500.00",2024-03-07
333,HRL,2024030705000635,36,55,10.00,625.00,"6,250.00",2024-03-07
334,HRL,2024030705000636,36,52,20.00,625.00,"12,500.00",2024-03-07
335,HRL,2024030705000637,36,45,20.00,625.00,"12,500.00",2024-03-07
336,HRL,2024030705000638,36,11,10.00,625.00,"6,250.00",2024-03-07
337,HRL,2024030705000640,14,59,124.00,626.00,"77,624.00",2024-03-07
338,HRL,2024030705000641,14,57,76.00,626.00,"47,576.00",2024-03-07
339,HRL,2024030705000642,47,57,24.00,626.00,"15,024.00",2024-03-07
340,HRL,2024030705000643,47,35,20.00,626.00,"12,520.00",2024-03-07
341,HRL,2024030705000645,13,59,10.00,627.00,"6,270.00",2024-03-07
342,HRL,2024030705000646,13,58,10.00,627.00,"6,270.00",2024-03-07
343,HRL,2024030705000647,13,56,10.00,627.00,"6,270.00",2024-03-07
344,HRL,2024030705000648,13,22,10.00,627.00,"6,270.00",2024-03-07
345,HRL,2024030705000649,13,36,10.00,627.00,"6,270.00",2024-03-07
346,HRL,2024030705000651,3,58,20.00,626.10,"12,522.00",2024-03-07
347,HRL,2024030705000652,39,36,10.00,627.00,"6,270.00",2024-03-07
348,HRL,2024030705000653,39,58,10.00,627.00,"6,270.00",2024-03-07
349,HRL,2024030705000654,39,1,10.00,628.00,"6,280.00",2024-03-07
350,HRL,2024030705000655,39,40,20.00,628.00,"12,560.00",2024-03-07
351,HRL,2024030705000656,28,35,10.00,628.00,"6,280.00",2024-03-07
352,HRL,2024030705000657,28,1,10.00,628.00,"6,280.00",2024-03-07
353,HRL,2024030705000658,28,42,20.00,629.00,"12,580.00",2024-03-07
354,HRL,2024030705000659,28,56,30.00,629.00,"18,870.00",2024-03-07
355,HRL,2024030705000660,28,32,10.00,629.00,"6,290.00",2024-03-07
356,HRL,2024030705000661,28,57,10.00,629.00,"6,290.00",2024-03-07
357,HRL,2024030705000662,28,53,50.00,629.00,"31,450.00",2024-03-07
358,HRL,2024030705000670,28,53,50.00,629.00,"31,450.00",2024-03-07
359,HRL,2024030705000675,28,1,130.00,629.00,"81,770.00",2024-03-07
360,HRL,2024030705000676,49,52,20.00,629.70,"12,594.00",2024-03-07
361,HRL,2024030705000677,49,38,10.00,629.80,"6,298.00",2024-03-07
362,HRL,2024030705000678,49,14,70.00,629.80,"44,086.00",2024-03-07
363,HRL,2024030705000682,34,14,30.00,629.80,"18,894.00",2024-03-07
364,HRL,2024030705000685,21,16,50.00,629.00,"31,450.00",2024-03-07
365,HRL,2024030705000688,3,34,20.00,626.10,"12,522.00",2024-03-07
366,HRL,2024030705000695,58,45,10.00,629.00,"6,290.00",2024-03-07
367,HRL,2024030705000696,58,42,10.00,629.00,"6,290.00",2024-03-07
368,HRL,2024030705000699,34,1,50.00,629.90,"31,495.00",2024-03-07
369,HRL,2024030705000700,46,1,50.00,629.90,"31,495.00",2024-03-07
370,HRL,2024030705000701,46,49,10.00,630.00,"6,300.00",2024-03-07
371,HRL,2024030705000702,46,48,140.00,630.00,"88,200.00",2024-03-07
372,HRL,2024030705000711,58,6,30.00,629.00,"18,870.00",2024-03-07
373,HRL,2024030705000715,91,34,10.00,629.00,"6,290.00",2024-03-07
374,HRL,2024030705000717,58,48,10.00,630.00,"6,300.00",2024-03-07
375,HRL,2024030705000718,58,51,10.00,630.00,"6,300.00",2024-03-07
376,HRL,2024030705000719,58,49,10.00,630.00,"6,300.00",2024-03-07
377,HRL,2024030705000720,58,17,20.00,630.00,"12,600.00",2024-03-07
378,HRL,2024030705000721,91,62,90.00,629.00,"56,610.00",2024-03-07
379,HRL,2024030705000732,43,14,10.00,626.10,"6,261.00",2024-03-07
380,HRL,2024030705000733,34,41,20.00,628.00,"12,560.00",2024-03-07
381,HRL,2024030705000734,43,29,30.00,626.10,"18,783.00",2024-03-07
382,HRL,2024030705000735,46,41,10.00,628.00,"6,280.00",2024-03-07
383,HRL,2024030705000736,46,62,410.00,629.00,"257,890.00",2024-03-07
384,HRL,2024030705000737,46,47,20.00,629.00,"12,580.00",2024-03-07
385,HRL,2024030705000739,46,56,60.00,629.00,"37,740.00",2024-03-07
386,HRL,2024030705000741,38,56,250.00,629.00,"157,250.00",2024-03-07
387,HRL,2024030705000743,3,58,10.00,626.20,"6,262.00",2024-03-07
388,HRL,2024030705000745,3,34,10.00,626.20,"6,262.00",2024-03-07
389,HRL,2024030705000748,3,41,30.00,626.20,"18,786.00",2024-03-07
390,HRL,2024030705000749,21,56,50.00,629.00,"31,450.00",2024-03-07
391,HRL,2024030705000750,56,56,140.00,629.00,"88,060.00",2024-03-07
392,HRL,2024030705000751,56,45,10.00,629.00,"6,290.00",2024-03-07
393,HRL,2024030705000752,3,42,20.00,626.20,"12,524.00",2024-03-07
394,HRL,2024030705000755,13,45,20.00,629.00,"12,580.00",2024-03-07
395,HRL,2024030705000756,13,6,20.00,629.00,"12,580.00",2024-03-07
396,HRL,2024030705000757,13,55,10.00,629.00,"6,290.00",2024-03-07
397,HRL,2024030705000758,43,55,100.00,627.00,"62,700.00",2024-03-07
398,HRL,2024030705000762,36,55,140.00,629.00,"88,060.00",2024-03-07
399,HRL,2024030705000763,52,55,20.00,629.00,"12,580.00",2024-03-07
400,HRL,2024030705000767,3,37,10.00,627.20,"6,272.00",2024-03-07
401,HRL,2024030705000770,3,34,10.00,627.20,"6,272.00",2024-03-07
402,HRL,2024030705000772,39,14,10.00,627.50,"6,275.00",2024-03-07
403,HRL,2024030705000777,39,51,10.00,627.50,"6,275.00",2024-03-07
404,HRL,2024030705000778,39,58,10.00,627.50,"6,275.00",2024-03-07
405,HRL,2024030705000781,43,7,10.00,628.00,"6,280.00",2024-03-07
406,HRL,2024030705000782,43,11,10.00,628.00,"6,280.00",2024-03-07
407,HRL,2024030705000783,43,25,10.00,628.00,"6,280.00",2024-03-07
408,HRL,2024030705000786,39,62,10.00,628.90,"6,289.00",2024-03-07
409,HRL,2024030705000787,39,1,10.00,628.90,"6,289.00",2024-03-07
410,HRL,2024030705000788,39,1,60.00,628.90,"37,734.00",2024-03-07
411,HRL,2024030705000789,39,55,230.00,629.00,"144,670.00",2024-03-07
412,HRL,2024030705000790,39,16,40.00,629.00,"25,160.00",2024-03-07
413,HRL,2024030705000791,39,79,30.00,629.00,"18,870.00",2024-03-07
414,HRL,2024030705000792,39,42,10.00,629.00,"6,290.00",2024-03-07
415,HRL,2024030705000793,39,34,20.00,629.00,"12,580.00",2024-03-07
416,HRL,2024030705000794,39,7,20.00,629.00,"12,580.00",2024-03-07
417,HRL,2024030705000795,39,58,10.00,629.00,"6,290.00",2024-03-07
418,HRL,2024030705000796,39,53,50.00,629.80,"31,490.00",2024-03-07
419,HRL,2024030705000797,39,42,30.00,629.90,"18,897.00",2024-03-07
420,HRL,2024030705000799,34,49,10.00,628.50,"6,285.00",2024-03-07
421,HRL,2024030705000802,43,1,60.00,628.00,"37,680.00",2024-03-07
422,HRL,2024030705000804,43,28,20.00,628.00,"12,560.00",2024-03-07
423,HRL,2024030705000805,43,14,10.00,628.00,"6,280.00",2024-03-07
424,HRL,2024030705000810,43,6,10.00,628.00,"6,280.00",2024-03-07
425,HRL,2024030705000812,43,36,10.00,628.00,"6,280.00",2024-03-07
426,HRL,2024030705000817,43,45,10.00,628.00,"6,280.00",2024-03-07
427,HRL,2024030705000818,43,47,30.00,628.00,"18,840.00",2024-03-07
428,HRL,2024030705000821,51,41,20.00,629.00,"12,580.00",2024-03-07
429,HRL,2024030705000822,51,6,20.00,629.70,"12,594.00",2024-03-07
430,HRL,2024030705000823,51,43,20.00,629.80,"12,596.00",2024-03-07
431,HRL,2024030705000824,51,55,40.00,629.80,"25,192.00",2024-03-07
432,HRL,2024030705000825,43,55,10.00,628.00,"6,280.00",2024-03-07
433,HRL,2024030705000830,43,55,10.00,628.00,"6,280.00",2024-03-07
434,HRL,2024030705000831,43,52,10.00,628.00,"6,280.00",2024-03-07
435,HRL,2024030705000832,34,55,10.00,628.20,"6,282.00",2024-03-07
436,HRL,2024030705000836,34,16,10.00,628.20,"6,282.00",2024-03-07
437,HRL,2024030705000837,43,16,10.00,628.00,"6,280.00",2024-03-07
438,HRL,2024030705000839,43,55,10.00,628.00,"6,280.00",2024-03-07
439,HRL,2024030705000840,43,14,20.00,628.00,"12,560.00",2024-03-07
440,HRL,2024030705000842,43,35,10.00,628.00,"6,280.00",2024-03-07
441,HRL,2024030705000846,43,45,10.00,628.00,"6,280.00",2024-03-07
442,HRL,2024030705000848,6,55,10.00,628.20,"6,282.00",2024-03-07
443,HRL,2024030705000853,6,34,20.00,628.20,"12,564.00",2024-03-07
444,HRL,2024030705000861,43,1,100.00,629.70,"62,970.00",2024-03-07
445,HRL,2024030705000862,43,55,190.00,629.80,"119,662.00",2024-03-07
446,HRL,2024030705000863,16,1,10.00,629.00,"6,290.00",2024-03-07
447,HRL,2024030705000864,16,28,10.00,629.00,"6,290.00",2024-03-07
448,HRL,2024030705000865,16,54,10.00,629.00,"6,290.00",2024-03-07
449,HRL,2024030705000866,16,49,10.00,629.00,"6,290.00",2024-03-07
450,HRL,2024030705000867,16,14,20.00,629.00,"12,580.00",2024-03-07
451,HRL,2024030705000874,16,21,20.00,629.00,"12,580.00",2024-03-07
452,HRL,2024030705000881,58,19,10.00,629.70,"6,297.00",2024-03-07
453,HRL,2024030705000882,58,14,10.00,629.70,"6,297.00",2024-03-07
454,HRL,2024030705000891,58,50,10.00,629.70,"6,297.00",2024-03-07
455,HRL,2024030705000892,54,55,23.00,629.80,"14,485.40",2024-03-07
456,HRL,2024030705000894,58,55,70.00,629.80,"44,086.00",2024-03-07
457,HRL,2024030705000895,45,55,17.00,629.80,"10,706.60",2024-03-07
458,HRL,2024030705000896,45,19,10.00,629.80,"6,298.00",2024-03-07
459,HRL,2024030705000897,45,42,23.00,629.90,"14,487.70",2024-03-07
460,HRL,2024030705000899,16,48,20.00,629.00,"12,580.00",2024-03-07
461,HRL,2024030705000900,16,8,30.00,629.00,"18,870.00",2024-03-07
462,HRL,2024030705000901,16,53,20.00,629.00,"12,580.00",2024-03-07
463,HRL,2024030705000902,13,53,180.00,628.30,"113,094.00",2024-03-07
464,HRL,2024030705000903,13,14,10.00,628.30,"6,283.00",2024-03-07
465,HRL,2024030705000904,58,42,20.00,629.90,"12,598.00",2024-03-07
466,HRL,2024030705000906,13,47,10.00,628.30,"6,283.00",2024-03-07
467,HRL,2024030705000908,6,6,10.00,628.20,"6,282.00",2024-03-07
468,HRL,2024030705000913,6,35,20.00,628.20,"12,564.00",2024-03-07
469,HRL,2024030705000921,6,43,10.00,628.20,"6,282.00",2024-03-07
470,HRL,2024030705000922,6,33,20.00,628.20,"12,564.00",2024-03-07
471,HRL,2024030705000923,6,1,10.00,628.20,"6,282.00",2024-03-07
472,HRL,2024030705000925,6,57,100.00,628.20,"62,820.00",2024-03-07
473,HRL,2024030705000926,6,53,50.00,628.20,"31,410.00",2024-03-07
474,HRL,2024030705000928,6,42,10.00,628.20,"6,282.00",2024-03-07
475,HRL,2024030705000929,6,58,10.00,628.20,"6,282.00",2024-03-07
476,HRL,2024030705000935,6,79,30.00,628.20,"18,846.00",2024-03-07
477,HRL,2024030705000937,6,33,20.00,628.20,"12,564.00",2024-03-07
478,HRL,2024030705000939,6,58,10.00,628.20,"6,282.00",2024-03-07
479,HRL,2024030705000940,6,16,100.00,628.20,"62,820.00",2024-03-07
480,HRL,2024030705000941,6,57,20.00,628.20,"12,564.00",2024-03-07
481,HRL,2024030705000943,18,50,10.00,628.00,"6,280.00",2024-03-07
482,HRL,2024030705000944,6,50,20.00,628.00,"12,560.00",2024-03-07
483,HRL,2024030705000945,6,19,20.00,628.00,"12,560.00",2024-03-07
484,HRL,2024030705000951,6,38,10.00,628.00,"6,280.00",2024-03-07
485,HRL,2024030705000954,6,51,10.00,628.00,"6,280.00",2024-03-07
486,HRL,2024030705000956,6,35,10.00,628.00,"6,280.00",2024-03-07
487,HRL,2024030705000959,6,43,10.00,628.00,"6,280.00",2024-03-07
488,HRL,2024030705000961,6,7,10.00,628.00,"6,280.00",2024-03-07
489,HRL,2024030705000962,6,35,10.00,628.00,"6,280.00",2024-03-07
490,HRL,2024030705000963,6,49,10.00,628.00,"6,280.00",2024-03-07
491,HRL,2024030705000969,58,59,10.00,628.00,"6,280.00",2024-03-07
492,HRL,2024030705000970,58,19,10.00,628.00,"6,280.00",2024-03-07
493,HRL,2024030705000972,58,35,30.00,628.00,"18,840.00",2024-03-07
494,HRL,2024030705000973,58,49,10.00,628.00,"6,280.00",2024-03-07
495,HRL,2024030705000974,58,58,10.00,628.00,"6,280.00",2024-03-07
496,HRL,2024030705000977,58,28,10.00,628.00,"6,280.00",2024-03-07
497,HRL,2024030705000978,58,49,10.00,628.00,"6,280.00",2024-03-07
498,HRL,2024030705000979,58,39,20.00,628.00,"12,560.00",2024-03-07
499,HRL,2024030705000980,58,49,10.00,628.00,"6,280.00",2024-03-07
500,HRL,2024030705000981,58,51,10.00,628.00,"6,280.00",2024-03-07
501,HRL,2024030705000983,58,49,10.00,628.00,"6,280.00",2024-03-07
502,HRL,2024030705000984,58,34,10.00,628.00,"6,280.00",2024-03-07
503,HRL,2024030705000986,58,58,20.00,628.00,"12,560.00",2024-03-07
504,HRL,2024030705000987,58,53,35.00,628.00,"21,980.00",2024-03-07
505,HRL,2024030705000988,58,53,15.00,628.00,"9,420.00",2024-03-07
506,HRL,2024030705000989,58,1,10.00,628.00,"6,280.00",2024-03-07
507,HRL,2024030705000991,58,58,20.00,628.00,"12,560.00",2024-03-07
508,HRL,2024030705000992,58,35,5.00,628.00,"3,140.00",2024-03-07
509,HRL,2024030705000993,42,14,30.00,628.00,"18,840.00",2024-03-07
510,HRL,2024030705000999,42,58,150.00,628.00,"94,200.00",2024-03-07
511,HRL,2024030705001003,42,45,10.00,628.00,"6,280.00",2024-03-07
512,HRL,2024030705001004,86,45,10.00,628.10,"6,281.00",2024-03-07
513,HRL,2024030705001008,45,22,30.00,628.20,"18,846.00",2024-03-07
514,HRL,2024030705001009,45,38,20.00,628.20,"12,564.00",2024-03-07
515,HRL,2024030705001011,45,16,10.00,628.20,"6,282.00",2024-03-07
516,HRL,2024030705001013,45,22,20.00,628.20,"12,564.00",2024-03-07
517,HRL,2024030705001014,45,58,20.00,628.20,"12,564.00",2024-03-07
518,HRL,2024030705001016,45,58,10.00,628.30,"6,283.00",2024-03-07
519,HRL,2024030705001017,45,54,10.00,628.30,"6,283.00",2024-03-07
520,HRL,2024030705001018,45,45,10.00,628.30,"6,283.00",2024-03-07
521,HRL,2024030705001019,45,41,20.00,628.30,"12,566.00",2024-03-07
522,HRL,2024030705001021,45,14,150.00,628.30,"94,245.00",2024-03-07
523,HRL,2024030705001022,86,14,70.00,628.10,"43,967.00",2024-03-07
524,HRL,2024030705001023,86,44,10.00,628.10,"6,281.00",2024-03-07
525,HRL,2024030705001031,86,51,10.00,628.10,"6,281.00",2024-03-07
526,HRL,2024030705001036,86,14,130.00,628.10,"81,653.00",2024-03-07
527,HRL,2024030705001039,28,34,50.00,628.20,"31,410.00",2024-03-07
528,HRL,2024030705001040,28,58,20.00,628.20,"12,564.00",2024-03-07
529,HRL,2024030705001041,28,50,10.00,628.20,"6,282.00",2024-03-07
530,HRL,2024030705001042,28,52,30.00,629.00,"18,870.00",2024-03-07
531,HRL,2024030705001043,28,34,20.00,629.00,"12,580.00",2024-03-07
532,HRL,2024030705001044,28,45,10.00,629.00,"6,290.00",2024-03-07
533,HRL,2024030705001045,28,43,10.00,629.00,"6,290.00",2024-03-07
534,HRL,2024030705001046,28,58,10.00,629.00,"6,290.00",2024-03-07
535,HRL,2024030705001047,28,55,10.00,629.00,"6,290.00",2024-03-07
536,HRL,2024030705001048,28,58,10.00,629.00,"6,290.00",2024-03-07
537,HRL,2024030705001049,28,7,20.00,629.30,"12,586.00",2024-03-07
538,HRL,2024030705001050,28,43,30.00,629.30,"18,879.00",2024-03-07
539,HRL,2024030705001051,28,1,100.00,629.80,"62,980.00",2024-03-07
540,HRL,2024030705001052,28,55,229.00,629.80,"144,224.20",2024-03-07
541,HRL,2024030705001053,28,42,441.00,629.90,"277,785.90",2024-03-07
542,HRL,2024030705001058,42,50,30.00,628.00,"18,840.00",2024-03-07
543,HRL,2024030705001062,42,45,10.00,628.00,"6,280.00",2024-03-07
544,HRL,2024030705001067,42,58,10.00,628.00,"6,280.00",2024-03-07
545,HRL,2024030705001070,42,58,10.00,628.00,"6,280.00",2024-03-07
546,HRL,2024030705001090,42,44,20.00,628.00,"12,560.00",2024-03-07
547,HRL,2024030705001092,45,75,10.00,628.10,"6,281.00",2024-03-07
548,HRL,2024030705001093,45,42,30.00,628.10,"18,843.00",2024-03-07
549,HRL,2024030705001096,45,52,20.00,628.10,"12,562.00",2024-03-07
550,HRL,2024030705001097,45,28,50.00,628.10,"31,405.00",2024-03-07
551,HRL,2024030705001109,45,49,10.00,628.10,"6,281.00",2024-03-07
552,HRL,2024030705001110,45,38,40.00,628.10,"25,124.00",2024-03-07
553,HRL,2024030705001112,45,49,10.00,628.10,"6,281.00",2024-03-07
554,HRL,2024030705001113,45,17,10.00,628.10,"6,281.00",2024-03-07
555,HRL,2024030705001114,45,13,10.00,628.10,"6,281.00",2024-03-07
556,HRL,2024030705001116,45,57,30.00,628.10,"18,843.00",2024-03-07
557,HRL,2024030705001119,45,58,10.00,628.10,"6,281.00",2024-03-07
558,HRL,2024030705001120,45,58,10.00,628.10,"6,281.00",2024-03-07
559,HRL,2024030705001122,45,43,60.00,628.10,"37,686.00",2024-03-07
560,HRL,2024030705001124,83,58,10.00,628.50,"6,285.00",2024-03-07
561,HRL,2024030705001125,83,38,10.00,629.00,"6,290.00",2024-03-07
562,HRL,2024030705001126,83,14,10.00,629.00,"6,290.00",2024-03-07
563,HRL,2024030705001127,83,42,10.00,629.00,"6,290.00",2024-03-07
564,HRL,2024030705001128,83,42,960.00,629.90,"604,704.00",2024-03-07
565,HRL,2024030705001129,45,48,10.00,628.10,"6,281.00",2024-03-07
566,HRL,2024030705001130,45,57,10.00,628.10,"6,281.00",2024-03-07
567,HRL,2024030705001134,52,42,131.00,629.90,"82,516.90",2024-03-07
568,HRL,2024030705001135,52,17,380.00,630.00,"239,400.00",2024-03-07
569,HRL,2024030705001136,52,11,10.00,630.00,"6,300.00",2024-03-07
570,HRL,2024030705001137,52,49,10.00,630.00,"6,300.00",2024-03-07
571,HRL,2024030705001138,52,52,10.00,630.00,"6,300.00",2024-03-07
572,HRL,2024030705001139,52,13,300.00,630.00,"189,000.00",2024-03-07
573,HRL,2024030705001140,52,58,20.00,630.00,"12,600.00",2024-03-07
574,HRL,2024030705001141,52,58,10.00,630.00,"6,300.00",2024-03-07
575,HRL,2024030705001142,52,35,10.00,630.00,"6,300.00",2024-03-07
576,HRL,2024030705001143,52,44,10.00,630.00,"6,300.00",2024-03-07
577,HRL,2024030705001144,52,58,10.00,630.00,"6,300.00",2024-03-07
578,HRL,2024030705001145,52,49,10.00,630.00,"6,300.00",2024-03-07
579,HRL,2024030705001146,52,45,10.00,630.00,"6,300.00",2024-03-07
580,HRL,2024030705001147,52,62,79.00,630.00,"49,770.00",2024-03-07
581,HRL,2024030705001152,3,29,30.00,628.50,"18,855.00",2024-03-07
582,HRL,2024030705001153,22,28,10.00,629.90,"6,299.00",2024-03-07
583,HRL,2024030705001154,22,62,20.00,630.00,"12,600.00",2024-03-07
584,HRL,2024030705001155,3,42,30.00,628.50,"18,855.00",2024-03-07
585,HRL,2024030705001156,3,42,30.00,628.50,"18,855.00",2024-03-07
586,HRL,2024030705001157,3,61,20.00,628.50,"12,570.00",2024-03-07
587,HRL,2024030705001159,34,42,30.00,628.60,"18,858.00",2024-03-07
588,HRL,2024030705001162,3,52,20.00,628.50,"12,570.00",2024-03-07
589,HRL,2024030705001165,3,53,100.00,628.50,"62,850.00",2024-03-07
590,HRL,2024030705001170,62,5,20.00,628.60,"12,572.00",2024-03-07
591,HRL,2024030705001174,62,53,40.00,628.60,"25,144.00",2024-03-07
592,HRL,2024030705001177,3,58,10.00,628.50,"6,285.00",2024-03-07
593,HRL,2024030705001178,3,44,10.00,628.50,"6,285.00",2024-03-07
594,HRL,2024030705001179,3,4,30.00,628.50,"18,855.00",2024-03-07
595,HRL,2024030705001182,3,22,10.00,628.50,"6,285.00",2024-03-07
596,HRL,2024030705001183,3,42,10.00,628.50,"6,285.00",2024-03-07
597,HRL,2024030705001184,13,58,10.00,628.60,"6,286.00",2024-03-07
598,HRL,2024030705001185,13,7,10.00,628.60,"6,286.00",2024-03-07
599,HRL,2024030705001186,13,91,10.00,628.60,"6,286.00",2024-03-07
600,HRL,2024030705001187,19,22,10.00,629.00,"6,290.00",2024-03-07
601,HRL,2024030705001188,19,41,10.00,629.00,"6,290.00",2024-03-07
602,HRL,2024030705001190,13,56,100.00,628.60,"62,860.00",2024-03-07
603,HRL,2024030705001191,13,35,10.00,628.60,"6,286.00",2024-03-07
604,HRL,2024030705001192,13,43,10.00,628.60,"6,286.00",2024-03-07
605,HRL,2024030705001194,13,28,10.00,628.60,"6,286.00",2024-03-07
606,HRL,2024030705001196,13,52,20.00,628.60,"12,572.00",2024-03-07
607,HRL,2024030705001197,13,34,10.00,628.60,"6,286.00",2024-03-07
608,HRL,2024030705001198,13,50,20.00,628.60,"12,572.00",2024-03-07
609,HRL,2024030705001199,13,58,20.00,628.60,"12,572.00",2024-03-07
610,HRL,2024030705001203,13,49,270.00,628.60,"169,722.00",2024-03-07
611,HRL,2024030705001204,3,49,200.00,628.50,"125,700.00",2024-03-07
612,HRL,2024030705001205,21,49,30.00,628.50,"18,855.00",2024-03-07
613,HRL,2024030705001206,21,38,10.00,628.50,"6,285.00",2024-03-07
614,HRL,2024030705001207,21,53,50.00,628.50,"31,425.00",2024-03-07
615,HRL,2024030705001212,21,50,10.00,628.50,"6,285.00",2024-03-07
616,HRL,2024030705001213,57,50,40.00,628.20,"25,128.00",2024-03-07
617,HRL,2024030705001215,57,51,20.00,628.20,"12,564.00",2024-03-07
618,HRL,2024030705001216,34,13,50.00,628.60,"31,430.00",2024-03-07
619,HRL,2024030705001222,57,50,200.00,628.20,"125,640.00",2024-03-07
620,HRL,2024030705001226,57,42,100.00,628.20,"62,820.00",2024-03-07
621,HRL,2024030705001227,57,46,20.00,628.20,"12,564.00",2024-03-07
622,HRL,2024030705001230,34,35,10.00,628.50,"6,285.00",2024-03-07
623,HRL,2024030705001231,34,59,20.00,628.50,"12,570.00",2024-03-07
624,HRL,2024030705001232,34,57,10.00,628.50,"6,285.00",2024-03-07
625,HRL,2024030705001233,57,58,20.00,628.20,"12,564.00",2024-03-07
626,HRL,2024030705001234,34,50,20.00,628.20,"12,564.00",2024-03-07
627,HRL,2024030705001235,42,50,10.00,628.00,"6,280.00",2024-03-07
628,HRL,2024030705001236,42,61,51.00,628.00,"32,028.00",2024-03-07
629,HRL,2024030705001237,42,48,28.00,628.00,"17,584.00",2024-03-07
630,HRL,2024030705001246,42,57,50.00,628.00,"31,400.00",2024-03-07
631,HRL,2024030705001247,42,6,10.00,628.00,"6,280.00",2024-03-07
632,HRL,2024030705001248,42,45,81.00,628.00,"50,868.00",2024-03-07
633,HRL,2024030705001249,45,45,500.00,628.00,"314,000.00",2024-03-07
634,HRL,2024030705001250,26,45,100.00,628.00,"62,800.00",2024-03-07
635,HRL,2024030705001251,57,45,10.00,627.70,"6,277.00",2024-03-07
636,HRL,2024030705001252,34,45,100.00,627.60,"62,760.00",2024-03-07
637,HRL,2024030705001253,1,45,20.00,627.00,"12,540.00",2024-03-07
638,HRL,2024030705001254,61,45,100.00,627.00,"62,700.00",2024-03-07
639,HRL,2024030705001255,13,45,300.00,627.00,"188,100.00",2024-03-07
640,HRL,2024030705001256,45,45,680.00,627.00,"426,360.00",2024-03-07
641,HRL,2024030705001261,19,47,20.00,626.40,"12,528.00",2024-03-07
642,HRL,2024030705001265,32,53,10.00,626.20,"6,262.00",2024-03-07
643,HRL,2024030705001270,32,53,50.00,626.20,"31,310.00",2024-03-07
644,HRL,2024030705001271,32,58,10.00,626.20,"6,262.00",2024-03-07
645,HRL,2024030705001272,32,47,20.00,626.20,"12,524.00",2024-03-07
646,HRL,2024030705001275,32,51,10.00,626.20,"6,262.00",2024-03-07
647,HRL,2024030705001278,58,41,10.00,626.20,"6,262.00",2024-03-07
648,HRL,2024030705001287,58,28,10.00,626.20,"6,262.00",2024-03-07
649,HRL,2024030705001288,58,48,10.00,626.20,"6,262.00",2024-03-07
650,HRL,2024030705001290,58,47,20.00,626.20,"12,524.00",2024-03-07
651,HRL,2024030705001291,34,34,20.00,626.20,"12,524.00",2024-03-07
652,HRL,2024030705001294,3,17,20.00,626.10,"12,522.00",2024-03-07
653,HRL,2024030705001296,3,47,20.00,626.10,"12,522.00",2024-03-07
654,HRL,2024030705001302,20,49,10.00,626.00,"6,260.00",2024-03-07
655,HRL,2024030705001303,20,43,20.00,626.00,"12,520.00",2024-03-07
656,HRL,2024030705001304,20,22,10.00,626.00,"6,260.00",2024-03-07
657,HRL,2024030705001305,20,49,10.00,626.00,"6,260.00",2024-03-07
658,HRL,2024030705001306,20,57,30.00,626.00,"18,780.00",2024-03-07
659,HRL,2024030705001317,20,47,20.00,626.00,"12,520.00",2024-03-07
660,HRL,2024030705001319,20,17,20.00,626.00,"12,520.00",2024-03-07
661,HRL,2024030705001324,20,6,20.00,626.00,"12,520.00",2024-03-07
662,HRL,2024030705001326,20,58,10.00,626.00,"6,260.00",2024-03-07
663,HRL,2024030705001327,20,53,50.00,626.00,"31,300.00",2024-03-07
664,HRL,2024030705001328,33,53,30.00,626.00,"18,780.00",2024-03-07
665,HRL,2024030705001329,33,34,10.00,626.10,"6,261.00",2024-03-07
666,HRL,2024030705001330,58,21,10.00,625.60,"6,256.00",2024-03-07
667,HRL,2024030705001331,58,49,10.00,625.60,"6,256.00",2024-03-07
668,HRL,2024030705001337,58,53,30.00,625.60,"18,768.00",2024-03-07
669,HRL,2024030705001338,35,53,20.00,625.50,"12,510.00",2024-03-07
670,HRL,2024030705001342,35,29,10.00,625.50,"6,255.00",2024-03-07
671,HRL,2024030705001343,35,35,10.00,625.50,"6,255.00",2024-03-07
672,HRL,2024030705001344,35,42,10.00,625.50,"6,255.00",2024-03-07
673,HRL,2024030705001347,58,58,10.00,625.60,"6,256.00",2024-03-07
674,HRL,2024030705001348,58,26,50.00,626.00,"31,300.00",2024-03-07
675,HRL,2024030705001349,58,6,10.00,626.00,"6,260.00",2024-03-07
676,HRL,2024030705001350,58,58,10.00,626.00,"6,260.00",2024-03-07
677,HRL,2024030705001351,58,35,20.00,626.00,"12,520.00",2024-03-07
678,HRL,2024030705001355,58,54,20.00,626.00,"12,520.00",2024-03-07
679,HRL,2024030705001357,45,34,10.00,626.10,"6,261.00",2024-03-07
680,HRL,2024030705001358,45,13,10.00,626.10,"6,261.00",2024-03-07
681,HRL,2024030705001359,45,13,10.00,626.10,"6,261.00",2024-03-07
682,HRL,2024030705001361,45,55,10.00,626.10,"6,261.00",2024-03-07
683,HRL,2024030705001362,45,58,10.00,626.10,"6,261.00",2024-03-07
684,HRL,2024030705001363,45,57,20.00,626.10,"12,522.00",2024-03-07
685,HRL,2024030705001364,4,34,20.00,626.20,"12,524.00",2024-03-07
686,HRL,2024030705001365,45,44,10.00,626.10,"6,261.00",2024-03-07
687,HRL,2024030705001369,45,83,10.00,626.10,"6,261.00",2024-03-07
688,HRL,2024030705001372,45,56,10.00,626.10,"6,261.00",2024-03-07
689,HRL,2024030705001373,34,56,20.00,626.10,"12,522.00",2024-03-07
690,HRL,2024030705001374,58,56,20.00,626.00,"12,520.00",2024-03-07
691,HRL,2024030705001380,58,35,10.00,626.00,"6,260.00",2024-03-07
692,HRL,2024030705001382,45,58,10.00,626.10,"6,261.00",2024-03-07
693,HRL,2024030705001387,45,49,10.00,626.10,"6,261.00",2024-03-07
694,HRL,2024030705001392,45,52,10.00,626.10,"6,261.00",2024-03-07
695,HRL,2024030705001394,45,32,10.00,626.10,"6,261.00",2024-03-07
696,HRL,2024030705001396,25,45,10.00,627.00,"6,270.00",2024-03-07
697,HRL,2024030705001400,72,45,129.00,627.00,"80,883.00",2024-03-07
698,HRL,2024030705001401,72,58,10.00,627.00,"6,270.00",2024-03-07
699,HRL,2024030705001402,72,57,10.00,627.00,"6,270.00",2024-03-07
700,HRL,2024030705001406,35,22,10.00,626.20,"6,262.00",2024-03-07
701,HRL,2024030705001420,35,52,10.00,626.20,"6,262.00",2024-03-07
702,HRL,2024030705001421,35,58,10.00,626.20,"6,262.00",2024-03-07
703,HRL,2024030705001423,52,62,10.00,627.00,"6,270.00",2024-03-07
704,HRL,2024030705001426,35,17,10.00,626.20,"6,262.00",2024-03-07
705,HRL,2024030705001427,58,54,10.00,627.00,"6,270.00",2024-03-07
706,HRL,2024030705001428,58,42,20.00,627.00,"12,540.00",2024-03-07
707,HRL,2024030705001429,58,37,10.00,627.00,"6,270.00",2024-03-07
708,HRL,2024030705001430,58,34,20.00,627.00,"12,540.00",2024-03-07
709,HRL,2024030705001431,58,42,10.00,627.00,"6,270.00",2024-03-07
710,HRL,2024030705001435,38,13,10.00,626.60,"6,266.00",2024-03-07
711,HRL,2024030705001436,69,84,20.00,627.00,"12,540.00",2024-03-07
712,HRL,2024030705001437,69,7,80.00,627.00,"50,160.00",2024-03-07
713,HRL,2024030705001438,58,7,20.00,627.00,"12,540.00",2024-03-07
714,HRL,2024030705001439,38,7,90.00,626.60,"56,394.00",2024-03-07
715,HRL,2024030705001440,39,7,18.00,626.50,"11,277.00",2024-03-07
716,HRL,2024030705001441,35,7,10.00,626.20,"6,262.00",2024-03-07
717,HRL,2024030705001442,45,7,60.00,626.10,"37,566.00",2024-03-07
718,HRL,2024030705001443,14,7,175.00,626.10,"109,567.50",2024-03-07
719,HRL,2024030705001444,83,7,500.00,626.10,"313,050.00",2024-03-07
720,HRL,2024030705001445,25,7,50.00,626.10,"31,305.00",2024-03-07
721,HRL,2024030705001446,58,7,227.00,626.00,"142,102.00",2024-03-07
722,HRL,2024030705001447,58,4,10.00,626.00,"6,260.00",2024-03-07
723,HRL,2024030705001448,58,34,10.00,626.00,"6,260.00",2024-03-07
724,HRL,2024030705001449,58,52,20.00,626.00,"12,520.00",2024-03-07
725,HRL,2024030705001450,58,25,10.00,626.00,"6,260.00",2024-03-07
726,HRL,2024030705001454,58,59,10.00,627.00,"6,270.00",2024-03-07
727,HRL,2024030705001455,58,35,10.00,627.00,"6,270.00",2024-03-07
728,HRL,2024030705001456,38,10,100.00,626.10,"62,610.00",2024-03-07
729,HRL,2024030705001457,58,10,300.00,626.00,"187,800.00",2024-03-07
730,HRL,2024030705001458,58,25,100.00,626.00,"62,600.00",2024-03-07
731,HRL,2024030705001459,58,35,10.00,626.00,"6,260.00",2024-03-07
732,HRL,2024030705001460,58,62,10.00,626.00,"6,260.00",2024-03-07
733,HRL,2024030705001462,58,38,20.00,626.00,"12,520.00",2024-03-07
734,HRL,2024030705001463,58,17,10.00,626.10,"6,261.00",2024-03-07
735,HRL,2024030705001464,58,58,10.00,626.10,"6,261.00",2024-03-07
736,HRL,2024030705001465,58,45,10.00,626.10,"6,261.00",2024-03-07
737,HRL,2024030705001469,43,45,10.00,626.90,"6,269.00",2024-03-07
738,HRL,2024030705001471,43,42,10.00,626.90,"6,269.00",2024-03-07
739,HRL,2024030705001475,43,16,10.00,626.90,"6,269.00",2024-03-07
740,HRL,2024030705001476,43,45,10.00,626.90,"6,269.00",2024-03-07
741,HRL,2024030705001484,45,58,10.00,627.00,"6,270.00",2024-03-07
742,HRL,2024030705001485,45,44,10.00,627.00,"6,270.00",2024-03-07
743,HRL,2024030705001486,45,54,10.00,627.00,"6,270.00",2024-03-07
744,HRL,2024030705001487,45,45,10.00,627.00,"6,270.00",2024-03-07
745,HRL,2024030705001488,45,26,10.00,627.00,"6,270.00",2024-03-07
746,HRL,2024030705001489,45,52,20.00,627.00,"12,540.00",2024-03-07
747,HRL,2024030705001490,45,1,20.00,627.00,"12,540.00",2024-03-07
748,HRL,2024030705001491,45,55,10.00,627.00,"6,270.00",2024-03-07
749,HRL,2024030705001492,45,16,200.00,627.00,"125,400.00",2024-03-07
750,HRL,2024030705001493,45,45,10.00,627.00,"6,270.00",2024-03-07
751,HRL,2024030705001494,45,6,10.00,627.00,"6,270.00",2024-03-07
752,HRL,2024030705001495,45,59,20.00,627.00,"12,540.00",2024-03-07
753,HRL,2024030705001498,45,49,10.00,627.00,"6,270.00",2024-03-07
754,HRL,2024030705001500,58,45,10.00,626.10,"6,261.00",2024-03-07
755,HRL,2024030705001501,38,58,10.00,626.10,"6,261.00",2024-03-07
756,HRL,2024030705001504,38,45,10.00,626.10,"6,261.00",2024-03-07
757,HRL,2024030705001505,38,63,10.00,626.10,"6,261.00",2024-03-07
758,HRL,2024030705001511,38,49,10.00,626.10,"6,261.00",2024-03-07
759,HRL,2024030705001513,38,16,10.00,626.10,"6,261.00",2024-03-07
760,HRL,2024030705001514,38,63,10.00,626.10,"6,261.00",2024-03-07
761,HRL,2024030705001515,38,47,10.00,626.10,"6,261.00",2024-03-07
762,HRL,2024030705001519,38,49,20.00,626.10,"12,522.00",2024-03-07
763,HRL,2024030705001520,38,33,10.00,626.10,"6,261.00",2024-03-07
764,HRL,2024030705001521,58,46,10.00,626.00,"6,260.00",2024-03-07
765,HRL,2024030705001522,58,45,10.00,626.00,"6,260.00",2024-03-07
766,HRL,2024030705001523,58,63,10.00,626.00,"6,260.00",2024-03-07
767,HRL,2024030705001525,58,57,10.00,626.00,"6,260.00",2024-03-07
768,HRL,2024030705001527,58,58,10.00,626.00,"6,260.00",2024-03-07
769,HRL,2024030705001528,58,63,10.00,626.00,"6,260.00",2024-03-07
770,HRL,2024030705001529,58,21,20.00,626.00,"12,520.00",2024-03-07
771,HRL,2024030705001530,58,63,10.00,626.00,"6,260.00",2024-03-07
772,HRL,2024030705001533,58,45,10.00,626.00,"6,260.00",2024-03-07
773,HRL,2024030705001538,58,63,10.00,626.00,"6,260.00",2024-03-07
774,HRL,2024030705001539,58,45,10.00,626.00,"6,260.00",2024-03-07
775,HRL,2024030705001540,58,50,90.00,626.00,"56,340.00",2024-03-07
776,HRL,2024030705001541,58,63,10.00,626.00,"6,260.00",2024-03-07
777,HRL,2024030705001542,58,32,10.00,626.00,"6,260.00",2024-03-07
778,HRL,2024030705001543,58,14,10.00,626.00,"6,260.00",2024-03-07
779,HRL,2024030705001544,58,94,10.00,626.00,"6,260.00",2024-03-07
780,HRL,2024030705001549,58,63,10.00,626.00,"6,260.00",2024-03-07
781,HRL,2024030705001550,86,63,10.00,626.10,"6,261.00",2024-03-07
782,HRL,2024030705001551,86,42,10.00,626.10,"6,261.00",2024-03-07
783,HRL,2024030705001552,86,35,10.00,626.10,"6,261.00",2024-03-07
784,HRL,2024030705001555,86,63,10.00,626.10,"6,261.00",2024-03-07
785,HRL,2024030705001556,86,45,50.00,626.10,"31,305.00",2024-03-07
786,HRL,2024030705001558,86,63,10.00,626.10,"6,261.00",2024-03-07
787,HRL,2024030705001559,86,52,20.00,626.10,"12,522.00",2024-03-07
788,HRL,2024030705001562,86,32,10.00,626.10,"6,261.00",2024-03-07
789,HRL,2024030705001564,86,8,10.00,626.10,"6,261.00",2024-03-07
790,HRL,2024030705001566,86,7,20.00,626.10,"12,522.00",2024-03-07
791,HRL,2024030705001567,86,1,10.00,626.10,"6,261.00",2024-03-07
792,HRL,2024030705001569,86,34,20.00,626.10,"12,522.00",2024-03-07
793,HRL,2024030705001570,86,8,10.00,626.10,"6,261.00",2024-03-07
794,HRL,2024030705001571,86,11,10.00,626.10,"6,261.00",2024-03-07
795,HRL,2024030705001580,86,8,10.00,626.10,"6,261.00",2024-03-07
796,HRL,2024030705001585,86,21,20.00,626.10,"12,522.00",2024-03-07
797,HRL,2024030705001586,86,21,10.00,626.10,"6,261.00",2024-03-07
798,HRL,2024030705001587,86,58,20.00,626.10,"12,522.00",2024-03-07
799,HRL,2024030705001590,86,22,10.00,626.10,"6,261.00",2024-03-07
800,HRL,2024030705001591,86,21,10.00,626.10,"6,261.00",2024-03-07
801,HRL,2024030705001592,34,21,10.00,626.20,"6,262.00",2024-03-07
802,HRL,2024030705001593,34,48,20.00,626.20,"12,524.00",2024-03-07
803,HRL,2024030705001594,58,11,40.00,626.80,"25,072.00",2024-03-07
804,HRL,2024030705001595,58,58,10.00,626.90,"6,269.00",2024-03-07
805,HRL,2024030705001596,58,41,10.00,627.00,"6,270.00",2024-03-07
806,HRL,2024030705001597,58,20,20.00,627.00,"12,540.00",2024-03-07
807,HRL,2024030705001598,58,44,10.00,627.00,"6,270.00",2024-03-07
808,HRL,2024030705001599,58,58,20.00,627.00,"12,540.00",2024-03-07
809,HRL,2024030705001600,58,58,10.00,627.00,"6,270.00",2024-03-07
810,HRL,2024030705001601,58,21,10.00,627.00,"6,270.00",2024-03-07
811,HRL,2024030705001602,58,21,10.00,627.00,"6,270.00",2024-03-07
812,HRL,2024030705001604,58,56,10.00,627.00,"6,270.00",2024-03-07
813,HRL,2024030705001605,58,58,20.00,627.00,"12,540.00",2024-03-07
814,HRL,2024030705001606,58,14,40.00,627.00,"25,080.00",2024-03-07
815,HRL,2024030705001610,25,21,10.00,627.10,"6,271.00",2024-03-07
816,HRL,2024030705001612,25,14,20.00,627.10,"12,542.00",2024-03-07
817,HRL,2024030705001615,22,59,20.00,627.50,"12,550.00",2024-03-07
818,HRL,2024030705001616,25,21,10.00,627.10,"6,271.00",2024-03-07
819,HRL,2024030705001617,58,42,20.00,627.50,"12,550.00",2024-03-07
820,HRL,2024030705001618,58,22,10.00,627.50,"6,275.00",2024-03-07
821,HRL,2024030705001619,58,45,50.00,627.50,"31,375.00",2024-03-07
822,HRL,2024030705001620,58,8,30.00,627.90,"18,837.00",2024-03-07
823,HRL,2024030705001621,58,14,50.00,627.90,"31,395.00",2024-03-07
824,HRL,2024030705001622,58,26,10.00,627.90,"6,279.00",2024-03-07
825,HRL,2024030705001623,58,48,10.00,628.00,"6,280.00",2024-03-07
826,HRL,2024030705001624,58,26,100.00,628.00,"62,800.00",2024-03-07
827,HRL,2024030705001625,58,61,30.00,628.00,"18,840.00",2024-03-07
828,HRL,2024030705001626,58,45,20.00,628.00,"12,560.00",2024-03-07
829,HRL,2024030705001627,58,47,10.00,628.00,"6,280.00",2024-03-07
830,HRL,2024030705001628,58,53,50.00,628.00,"31,400.00",2024-03-07
831,HRL,2024030705001629,58,49,10.00,628.00,"6,280.00",2024-03-07
832,HRL,2024030705001630,58,49,10.00,628.00,"6,280.00",2024-03-07
833,HRL,2024030705001631,58,8,10.00,628.00,"6,280.00",2024-03-07
834,HRL,2024030705001632,58,58,20.00,628.00,"12,560.00",2024-03-07
835,HRL,2024030705001633,58,34,20.00,628.00,"12,560.00",2024-03-07
836,HRL,2024030705001634,58,49,10.00,628.00,"6,280.00",2024-03-07
837,HRL,2024030705001635,58,55,403.00,628.00,"253,084.00",2024-03-07
838,HRL,2024030705001636,4,21,10.00,627.20,"6,272.00",2024-03-07
839,HRL,2024030705001637,25,21,10.00,627.10,"6,271.00",2024-03-07
840,HRL,2024030705001638,58,55,597.00,628.00,"374,916.00",2024-03-07
841,HRL,2024030705001639,58,51,10.00,628.00,"6,280.00",2024-03-07
842,HRL,2024030705001642,66,26,100.00,628.10,"62,810.00",2024-03-07
843,HRL,2024030705001650,66,21,10.00,628.10,"6,281.00",2024-03-07
844,HRL,2024030705001651,66,49,10.00,628.10,"6,281.00",2024-03-07
845,HRL,2024030705001668,66,52,10.00,628.10,"6,281.00",2024-03-07
846,HRL,2024030705001669,66,54,10.00,628.10,"6,281.00",2024-03-07
847,HRL,2024030705001670,66,35,10.00,628.10,"6,281.00",2024-03-07
848,HRL,2024030705001673,25,42,10.00,628.20,"6,282.00",2024-03-07
849,HRL,2024030705001674,25,35,10.00,628.20,"6,282.00",2024-03-07
850,HRL,2024030705001681,33,45,20.00,628.50,"12,570.00",2024-03-07
851,HRL,2024030705001682,33,94,80.00,629.00,"50,320.00",2024-03-07
852,HRL,2024030705001684,25,59,20.00,628.20,"12,564.00",2024-03-07
853,HRL,2024030705001686,25,94,10.00,629.00,"6,290.00",2024-03-07
854,HRL,2024030705001687,25,3,10.00,628.20,"6,282.00",2024-03-07
855,HRL,2024030705001688,25,13,50.00,628.20,"31,410.00",2024-03-07
856,HRL,2024030705001690,66,49,10.00,628.10,"6,281.00",2024-03-07
857,HRL,2024030705001704,28,22,10.00,628.20,"6,282.00",2024-03-07
858,HRL,2024030705001705,57,94,30.00,629.00,"18,870.00",2024-03-07
859,HRL,2024030705001706,28,69,20.00,628.20,"12,564.00",2024-03-07
860,HRL,2024030705001707,28,7,20.00,628.20,"12,564.00",2024-03-07
861,HRL,2024030705001713,33,94,30.00,629.00,"18,870.00",2024-03-07
862,HRL,2024030705001714,33,58,10.00,629.00,"6,290.00",2024-03-07
863,HRL,2024030705001715,33,49,10.00,629.00,"6,290.00",2024-03-07
864,HRL,2024030705001716,33,58,10.00,629.00,"6,290.00",2024-03-07
865,HRL,2024030705001717,33,35,20.00,629.00,"12,580.00",2024-03-07
866,HRL,2024030705001718,33,29,20.00,629.00,"12,580.00",2024-03-07
867,HRL,2024030705001719,33,44,10.00,629.00,"6,290.00",2024-03-07
868,HRL,2024030705001720,33,49,10.00,629.00,"6,290.00",2024-03-07
869,HRL,2024030705001721,33,1,10.00,629.00,"6,290.00",2024-03-07
870,HRL,2024030705001722,33,49,20.00,629.00,"12,580.00",2024-03-07
871,HRL,2024030705001723,33,48,20.00,629.80,"12,596.00",2024-03-07
872,HRL,2024030705001724,33,55,130.00,629.90,"81,887.00",2024-03-07
873,HRL,2024030705001725,28,58,10.00,628.20,"6,282.00",2024-03-07
874,HRL,2024030705001726,25,21,10.00,628.30,"6,283.00",2024-03-07
875,HRL,2024030705001732,25,21,10.00,628.30,"6,283.00",2024-03-07
876,HRL,2024030705001733,25,39,20.00,628.30,"12,566.00",2024-03-07
877,HRL,2024030705001734,25,43,20.00,628.30,"12,566.00",2024-03-07
878,HRL,2024030705001737,25,45,24.00,628.30,"15,079.20",2024-03-07
879,HRL,2024030705001738,25,42,10.00,628.30,"6,283.00",2024-03-07
880,HRL,2024030705001740,81,55,370.00,629.90,"233,063.00",2024-03-07
881,HRL,2024030705001741,81,38,20.00,629.90,"12,598.00",2024-03-07
882,HRL,2024030705001742,81,38,20.00,629.90,"12,598.00",2024-03-07
883,HRL,2024030705001743,81,57,20.00,629.90,"12,598.00",2024-03-07
884,HRL,2024030705001744,81,8,250.00,629.90,"157,475.00",2024-03-07
885,HRL,2024030705001745,81,55,320.00,629.90,"201,568.00",2024-03-07
886,HRL,2024030705001749,33,58,10.00,628.30,"6,283.00",2024-03-07
887,HRL,2024030705001751,49,22,10.00,628.30,"6,283.00",2024-03-07
888,HRL,2024030705001752,49,58,10.00,628.30,"6,283.00",2024-03-07
889,HRL,2024030705001753,28,22,10.00,628.20,"6,282.00",2024-03-07
890,HRL,2024030705001754,28,22,10.00,628.20,"6,282.00",2024-03-07
891,HRL,2024030705001755,28,52,10.00,628.20,"6,282.00",2024-03-07
892,HRL,2024030705001758,28,22,10.00,628.20,"6,282.00",2024-03-07
893,HRL,2024030705001759,66,58,30.00,628.10,"18,843.00",2024-03-07
894,HRL,2024030705001760,66,34,20.00,628.10,"12,562.00",2024-03-07
895,HRL,2024030705001761,29,45,50.00,628.20,"31,410.00",2024-03-07
896,HRL,2024030705001762,66,45,140.00,628.10,"87,934.00",2024-03-07
897,HRL,2024030705001763,8,45,31.00,628.10,"19,471.10",2024-03-07
898,HRL,2024030705001764,58,45,779.00,628.00,"489,212.00",2024-03-07
899,HRL,2024030705001767,58,52,20.00,628.00,"12,560.00",2024-03-07
900,HRL,2024030705001768,49,58,10.00,628.10,"6,281.00",2024-03-07
901,HRL,2024030705001769,46,58,10.00,628.10,"6,281.00",2024-03-07
902,HRL,2024030705001770,46,58,10.00,628.30,"6,283.00",2024-03-07
903,HRL,2024030705001771,58,52,10.00,628.00,"6,280.00",2024-03-07
904,HRL,2024030705001772,49,49,10.00,628.10,"6,281.00",2024-03-07
905,HRL,2024030705001774,58,14,10.00,628.00,"6,280.00",2024-03-07
906,HRL,2024030705001779,49,49,20.00,628.10,"12,562.00",2024-03-07
907,HRL,2024030705001780,8,58,10.00,628.10,"6,281.00",2024-03-07
908,HRL,2024030705001781,8,25,10.00,628.10,"6,281.00",2024-03-07
909,HRL,2024030705001783,58,52,20.00,628.00,"12,560.00",2024-03-07
910,HRL,2024030705001784,53,41,10.00,628.10,"6,281.00",2024-03-07
911,HRL,2024030705001785,53,52,10.00,628.10,"6,281.00",2024-03-07
912,HRL,2024030705001786,49,52,10.00,628.10,"6,281.00",2024-03-07
913,HRL,2024030705001787,58,4,20.00,628.00,"12,560.00",2024-03-07
914,HRL,2024030705001790,58,35,20.00,628.00,"12,560.00",2024-03-07
915,HRL,2024030705001791,8,38,10.00,628.30,"6,283.00",2024-03-07
916,HRL,2024030705001792,58,45,30.00,628.00,"18,840.00",2024-03-07
917,HRL,2024030705001794,58,58,10.00,628.00,"6,280.00",2024-03-07
918,HRL,2024030705001799,58,35,10.00,628.00,"6,280.00",2024-03-07
919,HRL,2024030705001802,58,21,20.00,628.00,"12,560.00",2024-03-07
920,HRL,2024030705001808,58,21,10.00,628.00,"6,280.00",2024-03-07
921,HRL,2024030705001817,58,57,10.00,628.00,"6,280.00",2024-03-07
922,HRL,2024030705001819,58,48,10.00,628.00,"6,280.00",2024-03-07
923,HRL,2024030705001820,58,4,295.00,628.00,"185,260.00",2024-03-07
924,HRL,2024030705001823,58,4,10.00,628.00,"6,280.00",2024-03-07
925,HRL,2024030705001824,58,58,10.00,628.00,"6,280.00",2024-03-07
926,HRL,2024030705001825,58,8,30.00,628.00,"18,840.00",2024-03-07
927,HRL,2024030705001826,58,42,10.00,628.00,"6,280.00",2024-03-07
928,HRL,2024030705001827,58,44,20.00,628.00,"12,560.00",2024-03-07
929,HRL,2024030705001830,58,74,20.00,628.00,"12,560.00",2024-03-07
930,HRL,2024030705001832,58,58,10.00,628.00,"6,280.00",2024-03-07
931,HRL,2024030705001834,58,8,10.00,628.00,"6,280.00",2024-03-07
932,HRL,2024030705001837,58,41,20.00,628.00,"12,560.00",2024-03-07
933,HRL,2024030705001839,58,57,40.00,628.00,"25,120.00",2024-03-07
934,HRL,2024030705001840,58,57,10.00,628.00,"6,280.00",2024-03-07
935,HRL,2024030705001841,58,1,20.00,628.00,"12,560.00",2024-03-07
936,HRL,2024030705001842,58,17,96.00,628.00,"60,288.00",2024-03-07
937,HRL,2024030705001843,58,4,10.00,628.00,"6,280.00",2024-03-07
938,HRL,2024030705001844,58,58,20.00,628.00,"12,560.00",2024-03-07
939,HRL,2024030705001846,58,39,10.00,628.00,"6,280.00",2024-03-07
940,HRL,2024030705001848,58,58,20.00,628.00,"12,560.00",2024-03-07
941,HRL,2024030705001849,58,4,10.00,628.00,"6,280.00",2024-03-07
942,HRL,2024030705001852,25,58,10.00,628.10,"6,281.00",2024-03-07
943,HRL,2024030705001853,58,58,10.00,628.00,"6,280.00",2024-03-07
944,HRL,2024030705001855,58,11,10.00,628.00,"6,280.00",2024-03-07
945,HRL,2024030705001863,58,52,10.00,628.00,"6,280.00",2024-03-07
946,HRL,2024030705001864,58,14,20.00,628.00,"12,560.00",2024-03-07
947,HRL,2024030705001866,58,49,20.00,628.00,"12,560.00",2024-03-07
948,HRL,2024030705001869,58,55,10.00,628.00,"6,280.00",2024-03-07
949,HRL,2024030705001872,58,50,10.00,628.00,"6,280.00",2024-03-07
950,HRL,2024030705001873,58,35,10.00,628.00,"6,280.00",2024-03-07
951,HRL,2024030705001874,58,4,10.00,628.00,"6,280.00",2024-03-07
952,HRL,2024030705001875,58,20,20.00,628.00,"12,560.00",2024-03-07
953,HRL,2024030705001877,58,4,10.00,628.00,"6,280.00",2024-03-07
954,HRL,2024030705001878,58,8,10.00,628.00,"6,280.00",2024-03-07
955,HRL,2024030705001879,58,39,300.00,628.00,"188,400.00",2024-03-07
956,HRL,2024030705001883,58,16,20.00,628.00,"12,560.00",2024-03-07
957,HRL,2024030705001888,58,58,20.00,628.00,"12,560.00",2024-03-07
958,HRL,2024030705001889,58,35,20.00,628.00,"12,560.00",2024-03-07
959,HRL,2024030705001890,58,45,10.00,628.00,"6,280.00",2024-03-07
960,HRL,2024030705001891,58,1,10.00,628.00,"6,280.00",2024-03-07
961,HRL,2024030705001892,48,51,10.00,628.00,"6,280.00",2024-03-07
962,HRL,2024030705001893,48,49,20.00,628.00,"12,560.00",2024-03-07
963,HRL,2024030705001894,42,42,10.00,628.30,"6,283.00",2024-03-07
964,HRL,2024030705001895,42,42,10.00,628.30,"6,283.00",2024-03-07
965,HRL,2024030705001896,42,58,10.00,628.30,"6,283.00",2024-03-07
966,HRL,2024030705001897,42,54,10.00,628.30,"6,283.00",2024-03-07
967,HRL,2024030705001900,33,4,20.00,629.00,"12,580.00",2024-03-07
968,HRL,2024030705001901,42,38,10.00,628.30,"6,283.00",2024-03-07
969,HRL,2024030705001927,42,58,20.00,628.30,"12,566.00",2024-03-07
970,HRL,2024030705001928,42,36,20.00,628.30,"12,566.00",2024-03-07
971,HRL,2024030705001930,58,42,10.00,629.00,"6,290.00",2024-03-07
972,HRL,2024030705001931,58,34,20.00,629.00,"12,580.00",2024-03-07
973,HRL,2024030705001932,11,59,10.00,629.00,"6,290.00",2024-03-07
974,HRL,2024030705001933,11,34,30.00,629.00,"18,870.00",2024-03-07
975,HRL,2024030705001934,58,51,10.00,629.00,"6,290.00",2024-03-07
976,HRL,2024030705001935,58,13,30.00,629.70,"18,891.00",2024-03-07
977,HRL,2024030705001936,42,38,10.00,628.30,"6,283.00",2024-03-07
978,HRL,2024030705001937,42,35,20.00,628.30,"12,566.00",2024-03-07
979,HRL,2024030705001938,42,57,30.00,628.30,"18,849.00",2024-03-07
980,HRL,2024030705001939,42,28,10.00,628.30,"6,283.00",2024-03-07
981,HRL,2024030705001954,34,58,10.00,629.00,"6,290.00",2024-03-07
982,HRL,2024030705001955,34,58,10.00,629.00,"6,290.00",2024-03-07
983,HRL,2024030705001957,34,45,10.00,629.00,"6,290.00",2024-03-07
984,HRL,2024030705001960,11,29,10.00,629.00,"6,290.00",2024-03-07
985,HRL,2024030705001962,36,58,10.00,628.40,"6,284.00",2024-03-07
986,HRL,2024030705001964,36,25,10.00,628.40,"6,284.00",2024-03-07
987,HRL,2024030705001967,46,34,30.00,628.50,"18,855.00",2024-03-07
988,HRL,2024030705001968,36,49,10.00,628.40,"6,284.00",2024-03-07
989,HRL,2024030705001969,36,94,970.00,628.40,"609,548.00",2024-03-07
990,HRL,2024030705001970,42,94,30.00,628.30,"18,849.00",2024-03-07
991,HRL,2024030705001971,11,58,10.00,628.40,"6,284.00",2024-03-07
992,HRL,2024030705001972,42,21,10.00,628.30,"6,283.00",2024-03-07
993,HRL,2024030705001973,48,21,20.00,628.00,"12,560.00",2024-03-07
994,HRL,2024030705001976,48,38,10.00,628.00,"6,280.00",2024-03-07
995,HRL,2024030705001981,48,45,10.00,628.00,"6,280.00",2024-03-07
996,HRL,2024030705001985,45,14,10.00,629.00,"6,290.00",2024-03-07
997,HRL,2024030705001987,45,48,10.00,629.00,"6,290.00",2024-03-07
998,HRL,2024030705001988,45,55,10.00,629.00,"6,290.00",2024-03-07
999,HRL,2024030705001990,45,45,20.00,629.00,"12,580.00",2024-03-07
1000,HRL,2024030705001991,45,45,30.00,629.00,"18,870.00",2024-03-07
1001,HRL,2024030705001995,45,35,20.00,629.00,"12,580.00",2024-03-07
1002,HRL,2024030705001996,45,44,20.00,629.00,"12,580.00",2024-03-07
1003,HRL,2024030705001998,45,4,10.00,629.00,"6,290.00",2024-03-07
1004,HRL,2024030705002000,45,29,30.00,629.00,"18,870.00",2024-03-07
1005,HRL,2024030705002001,45,49,30.00,629.00,"18,870.00",2024-03-07
1006,HRL,2024030705002003,45,45,10.00,629.00,"6,290.00",2024-03-07
1007,HRL,2024030705002005,45,35,10.00,629.00,"6,290.00",2024-03-07
1008,HRL,2024030705002007,45,48,10.00,629.00,"6,290.00",2024-03-07
1009,HRL,2024030705002008,45,53,20.00,629.00,"12,580.00",2024-03-07
1010,HRL,2024030705002009,45,34,10.00,629.00,"6,290.00",2024-03-07
1011,HRL,2024030705002014,45,34,10.00,629.00,"6,290.00",2024-03-07
1012,HRL,2024030705002015,42,58,10.00,629.50,"6,295.00",2024-03-07
1013,HRL,2024030705002016,45,45,10.00,629.00,"6,290.00",2024-03-07
1014,HRL,2024030705002017,45,21,10.00,629.00,"6,290.00",2024-03-07
1015,HRL,2024030705002019,45,37,500.00,629.00,"314,500.00",2024-03-07
1016,HRL,2024030705002020,45,25,20.00,629.00,"12,580.00",2024-03-07
1017,HRL,2024030705002025,45,57,10.00,629.00,"6,290.00",2024-03-07
1018,HRL,2024030705002032,45,45,10.00,629.00,"6,290.00",2024-03-07
1019,HRL,2024030705002037,45,45,10.00,629.00,"6,290.00",2024-03-07
1020,HRL,2024030705002038,45,4,30.00,629.00,"18,870.00",2024-03-07
1021,HRL,2024030705002039,56,57,100.00,629.40,"62,940.00",2024-03-07
1022,HRL,2024030705002040,56,4,50.00,629.40,"31,470.00",2024-03-07
1023,HRL,2024030705002041,45,4,50.00,629.00,"31,450.00",2024-03-07
1024,HRL,2024030705002048,45,6,20.00,629.00,"12,580.00",2024-03-07
1025,HRL,2024030705002058,49,42,20.00,629.50,"12,590.00",2024-03-07
1026,HRL,2024030705002061,45,34,70.00,629.00,"44,030.00",2024-03-07
1027,HRL,2024030705002062,86,34,30.00,629.00,"18,870.00",2024-03-07
1028,HRL,2024030705002064,86,14,10.00,629.00,"6,290.00",2024-03-07
1029,HRL,2024030705002066,86,57,20.00,629.00,"12,580.00",2024-03-07
1030,HRL,2024030705002067,86,7,10.00,629.00,"6,290.00",2024-03-07
1031,HRL,2024030705002069,86,50,10.00,629.00,"6,290.00",2024-03-07
1032,HRL,2024030705002070,86,35,20.00,629.00,"12,580.00",2024-03-07
1033,HRL,2024030705002072,34,21,10.00,629.00,"6,290.00",2024-03-07
1034,HRL,2024030705002075,48,49,20.00,628.00,"12,560.00",2024-03-07
1035,HRL,2024030705002079,48,57,10.00,628.00,"6,280.00",2024-03-07
1036,HRL,2024030705002080,10,57,10.00,628.00,"6,280.00",2024-03-07
1037,HRL,2024030705002088,10,48,10.00,628.00,"6,280.00",2024-03-07
1038,HRL,2024030705002089,35,52,70.00,629.00,"44,030.00",2024-03-07
1039,HRL,2024030705002090,35,41,20.00,629.00,"12,580.00",2024-03-07
1040,HRL,2024030705002091,35,7,10.00,629.00,"6,290.00",2024-03-07
1041,HRL,2024030705002092,35,58,85.00,629.00,"53,465.00",2024-03-07
1042,HRL,2024030705002093,35,14,10.00,629.00,"6,290.00",2024-03-07
1043,HRL,2024030705002096,6,57,10.00,628.00,"6,280.00",2024-03-07
1044,HRL,2024030705002097,41,57,240.00,627.10,"150,504.00",2024-03-07
1045,HRL,2024030705002098,13,57,300.00,627.00,"188,100.00",2024-03-07
1046,HRL,2024030705002099,34,57,30.00,627.00,"18,810.00",2024-03-07
1047,HRL,2024030705002103,34,16,10.00,626.50,"6,265.00",2024-03-07
1048,HRL,2024030705002105,34,43,20.00,626.50,"12,530.00",2024-03-07
1049,HRL,2024030705002107,34,45,20.00,626.50,"12,530.00",2024-03-07
1050,HRL,2024030705002112,49,43,20.00,626.20,"12,524.00",2024-03-07
1051,HRL,2024030705002113,58,32,10.00,626.50,"6,265.00",2024-03-07
1052,HRL,2024030705002114,58,45,10.00,626.60,"6,266.00",2024-03-07
1053,HRL,2024030705002115,58,21,10.00,626.60,"6,266.00",2024-03-07
1054,HRL,2024030705002118,58,43,20.00,626.60,"12,532.00",2024-03-07
1055,HRL,2024030705002119,58,45,10.00,626.60,"6,266.00",2024-03-07
1056,HRL,2024030705002120,58,43,20.00,626.60,"12,532.00",2024-03-07
1057,HRL,2024030705002122,58,43,20.00,626.60,"12,532.00",2024-03-07
1058,HRL,2024030705002124,40,17,10.00,626.60,"6,266.00",2024-03-07
1059,HRL,2024030705002125,40,58,10.00,627.00,"6,270.00",2024-03-07
1060,HRL,2024030705002129,40,43,20.00,627.00,"12,540.00",2024-03-07
1061,HRL,2024030705002130,40,56,10.00,628.00,"6,280.00",2024-03-07
1062,HRL,2024030705002131,40,91,10.00,627.00,"6,270.00",2024-03-07
1063,HRL,2024030705002132,40,43,20.00,627.00,"12,540.00",2024-03-07
1064,HRL,2024030705002134,40,51,10.00,627.00,"6,270.00",2024-03-07
1065,HRL,2024030705002135,40,43,20.00,627.00,"12,540.00",2024-03-07
1066,HRL,2024030705002136,3,35,10.00,627.10,"6,271.00",2024-03-07
1067,HRL,2024030705002137,40,35,10.00,627.00,"6,270.00",2024-03-07
1068,HRL,2024030705002138,40,43,20.00,627.00,"12,540.00",2024-03-07
1069,HRL,2024030705002141,40,43,20.00,627.00,"12,540.00",2024-03-07
1070,HRL,2024030705002142,40,38,10.00,627.00,"6,270.00",2024-03-07
1071,HRL,2024030705002143,40,56,10.00,628.80,"6,288.00",2024-03-07
1072,HRL,2024030705002146,40,43,20.00,627.00,"12,540.00",2024-03-07
1073,HRL,2024030705002147,40,68,10.00,627.00,"6,270.00",2024-03-07
1074,HRL,2024030705002148,66,44,20.00,627.10,"12,542.00",2024-03-07
1075,HRL,2024030705002149,66,17,20.00,627.10,"12,542.00",2024-03-07
1076,HRL,2024030705002150,66,58,10.00,627.10,"6,271.00",2024-03-07
1077,HRL,2024030705002151,11,56,90.00,628.80,"56,592.00",2024-03-07
1078,HRL,2024030705002152,59,45,136.00,628.90,"85,530.40",2024-03-07
1079,HRL,2024030705002153,11,43,10.00,628.80,"6,288.00",2024-03-07
1080,HRL,2024030705002154,66,43,10.00,627.10,"6,271.00",2024-03-07
1081,HRL,2024030705002155,66,43,20.00,627.10,"12,542.00",2024-03-07
1082,HRL,2024030705002160,45,43,20.00,627.40,"12,548.00",2024-03-07
1083,HRL,2024030705002161,45,43,20.00,627.40,"12,548.00",2024-03-07
1084,HRL,2024030705002165,45,17,20.00,627.40,"12,548.00",2024-03-07
1085,HRL,2024030705002167,45,22,10.00,627.40,"6,274.00",2024-03-07
1086,HRL,2024030705002168,45,49,20.00,627.40,"12,548.00",2024-03-07
1087,HRL,2024030705002169,45,17,20.00,627.40,"12,548.00",2024-03-07
1088,HRL,2024030705002170,45,34,10.00,627.40,"6,274.00",2024-03-07
1089,HRL,2024030705002171,45,42,10.00,627.40,"6,274.00",2024-03-07
1090,HRL,2024030705002173,45,58,10.00,627.40,"6,274.00",2024-03-07
1091,HRL,2024030705002175,45,17,10.00,627.40,"6,274.00",2024-03-07
1092,HRL,2024030705002176,13,17,10.00,627.40,"6,274.00",2024-03-07
1093,HRL,2024030705002177,40,55,10.00,628.00,"6,280.00",2024-03-07
1094,HRL,2024030705002178,40,40,10.00,628.00,"6,280.00",2024-03-07
1095,HRL,2024030705002179,40,52,143.00,628.00,"89,804.00",2024-03-07
1096,HRL,2024030705002180,40,48,10.00,628.00,"6,280.00",2024-03-07
1097,HRL,2024030705002181,40,19,10.00,628.00,"6,280.00",2024-03-07
1098,HRL,2024030705002182,40,58,10.00,628.00,"6,280.00",2024-03-07
1099,HRL,2024030705002184,40,58,20.00,628.00,"12,560.00",2024-03-07
1100,HRL,2024030705002186,40,17,20.00,628.00,"12,560.00",2024-03-07
1101,HRL,2024030705002187,13,49,10.00,628.80,"6,288.00",2024-03-07
1102,HRL,2024030705002188,13,17,200.00,628.80,"125,760.00",2024-03-07
1103,HRL,2024030705002189,13,45,364.00,628.90,"228,919.60",2024-03-07
1104,HRL,2024030705002190,13,43,40.00,628.90,"25,156.00",2024-03-07
1105,HRL,2024030705002191,13,42,86.00,629.00,"54,094.00",2024-03-07
1106,HRL,2024030705002192,40,17,20.00,628.00,"12,560.00",2024-03-07
1107,HRL,2024030705002196,40,3,10.00,628.00,"6,280.00",2024-03-07
1108,HRL,2024030705002198,40,17,20.00,628.00,"12,560.00",2024-03-07
1109,HRL,2024030705002200,40,3,10.00,628.00,"6,280.00",2024-03-07
1110,HRL,2024030705002202,40,58,10.00,628.00,"6,280.00",2024-03-07
1111,HRL,2024030705002203,40,4,30.00,628.00,"18,840.00",2024-03-07
1112,HRL,2024030705002204,40,3,10.00,628.00,"6,280.00",2024-03-07
1113,HRL,2024030705002214,40,3,10.00,628.00,"6,280.00",2024-03-07
1114,HRL,2024030705002215,40,17,10.00,628.00,"6,280.00",2024-03-07
1115,HRL,2024030705002219,40,58,100.00,628.00,"62,800.00",2024-03-07
1116,HRL,2024030705002220,40,3,10.00,628.00,"6,280.00",2024-03-07
1117,HRL,2024030705002221,40,36,150.00,628.00,"94,200.00",2024-03-07
1118,HRL,2024030705002224,40,17,20.00,628.00,"12,560.00",2024-03-07
1119,HRL,2024030705002225,40,55,"1,000.00",628.00,"628,000.00",2024-03-07
1120,HRL,2024030705002226,40,3,10.00,628.00,"6,280.00",2024-03-07
1121,HRL,2024030705002229,40,45,10.00,628.00,"6,280.00",2024-03-07
1122,HRL,2024030705002230,40,3,10.00,628.00,"6,280.00",2024-03-07
1123,HRL,2024030705002231,40,17,20.00,628.00,"12,560.00",2024-03-07
1124,HRL,2024030705002232,4,42,37.00,629.00,"23,273.00",2024-03-07
1125,HRL,2024030705002234,40,14,20.00,628.00,"12,560.00",2024-03-07
1126,HRL,2024030705002235,40,3,10.00,628.00,"6,280.00",2024-03-07
1127,HRL,2024030705002236,40,4,20.00,628.00,"12,560.00",2024-03-07
1128,HRL,2024030705002237,40,17,20.00,628.00,"12,560.00",2024-03-07
1129,HRL,2024030705002238,40,44,10.00,628.00,"6,280.00",2024-03-07
1130,HRL,2024030705002239,40,3,10.00,628.00,"6,280.00",2024-03-07
1131,HRL,2024030705002240,40,35,20.00,628.00,"12,560.00",2024-03-07
1132,HRL,2024030705002243,13,3,10.00,627.40,"6,274.00",2024-03-07
1133,HRL,2024030705002244,13,3,10.00,627.40,"6,274.00",2024-03-07
1134,HRL,2024030705002247,13,57,10.00,627.40,"6,274.00",2024-03-07
1135,HRL,2024030705002248,13,3,10.00,627.40,"6,274.00",2024-03-07
1136,HRL,2024030705002249,8,51,10.00,628.00,"6,280.00",2024-03-07
1137,HRL,2024030705002250,8,58,10.00,628.00,"6,280.00",2024-03-07
1138,HRL,2024030705002251,8,38,10.00,628.00,"6,280.00",2024-03-07
1139,HRL,2024030705002252,8,3,10.00,628.00,"6,280.00",2024-03-07
1140,HRL,2024030705002254,8,4,10.00,628.00,"6,280.00",2024-03-07
1141,HRL,2024030705002255,49,4,20.00,628.00,"12,560.00",2024-03-07
1142,HRL,2024030705002256,49,3,10.00,628.00,"6,280.00",2024-03-07
1143,HRL,2024030705002257,13,17,20.00,627.40,"12,548.00",2024-03-07
1144,HRL,2024030705002258,13,3,10.00,627.40,"6,274.00",2024-03-07
1145,HRL,2024030705002259,13,3,10.00,627.40,"6,274.00",2024-03-07
1146,HRL,2024030705002260,13,3,10.00,627.40,"6,274.00",2024-03-07
1147,HRL,2024030705002264,13,19,40.00,628.00,"25,120.00",2024-03-07
1148,HRL,2024030705002265,13,17,10.00,628.00,"6,280.00",2024-03-07
1149,HRL,2024030705002266,57,3,10.00,627.40,"6,274.00",2024-03-07
1150,HRL,2024030705002268,66,3,10.00,627.10,"6,271.00",2024-03-07
1151,HRL,2024030705002270,66,3,10.00,627.10,"6,271.00",2024-03-07
1152,HRL,2024030705002272,66,49,20.00,627.10,"12,542.00",2024-03-07
1153,HRL,2024030705002273,66,3,10.00,627.10,"6,271.00",2024-03-07
1154,HRL,2024030705002276,66,3,10.00,627.10,"6,271.00",2024-03-07
1155,HRL,2024030705002277,66,57,10.00,627.10,"6,271.00",2024-03-07
1156,HRL,2024030705002278,66,3,10.00,627.10,"6,271.00",2024-03-07
1157,HRL,2024030705002280,66,3,10.00,627.10,"6,271.00",2024-03-07
1158,HRL,2024030705002283,66,3,10.00,627.10,"6,271.00",2024-03-07
1159,HRL,2024030705002284,66,38,10.00,627.10,"6,271.00",2024-03-07
1160,HRL,2024030705002285,66,3,10.00,627.10,"6,271.00",2024-03-07
1161,HRL,2024030705002287,38,3,10.00,627.00,"6,270.00",2024-03-07
1162,HRL,2024030705002288,51,38,10.00,628.00,"6,280.00",2024-03-07
1163,HRL,2024030705002289,51,16,10.00,628.00,"6,280.00",2024-03-07
1164,HRL,2024030705002290,51,53,10.00,628.00,"6,280.00",2024-03-07
1165,HRL,2024030705002291,38,34,20.00,627.00,"12,540.00",2024-03-07
1166,HRL,2024030705002292,40,53,17.00,628.00,"10,676.00",2024-03-07
1167,HRL,2024030705002293,38,17,20.00,627.00,"12,540.00",2024-03-07
1168,HRL,2024030705002294,29,17,10.00,627.00,"6,270.00",2024-03-07
1169,HRL,2024030705002295,29,51,20.00,627.00,"12,540.00",2024-03-07
1170,HRL,2024030705002299,35,38,10.00,627.30,"6,273.00",2024-03-07
1171,HRL,2024030705002301,40,50,20.00,627.40,"12,548.00",2024-03-07
1172,HRL,2024030705002302,40,53,23.00,628.00,"14,444.00",2024-03-07
1173,HRL,2024030705002305,35,35,10.00,627.30,"6,273.00",2024-03-07
1174,HRL,2024030705002306,40,19,10.00,628.00,"6,280.00",2024-03-07
1175,HRL,2024030705002307,35,35,20.00,627.30,"12,546.00",2024-03-07
1176,HRL,2024030705002308,35,49,10.00,627.30,"6,273.00",2024-03-07
1177,HRL,2024030705002309,35,4,30.00,627.30,"18,819.00",2024-03-07
1178,HRL,2024030705002310,29,58,10.00,627.00,"6,270.00",2024-03-07
1179,HRL,2024030705002312,29,41,10.00,627.00,"6,270.00",2024-03-07
1180,HRL,2024030705002313,40,16,10.00,628.90,"6,289.00",2024-03-07
1181,HRL,2024030705002314,40,49,10.00,629.00,"6,290.00",2024-03-07
1182,HRL,2024030705002315,4,58,10.00,627.00,"6,270.00",2024-03-07
1183,HRL,2024030705002317,40,58,10.00,627.30,"6,273.00",2024-03-07
1184,HRL,2024030705002318,40,58,10.00,628.00,"6,280.00",2024-03-07
1185,HRL,2024030705002319,40,49,10.00,629.00,"6,290.00",2024-03-07
1186,HRL,2024030705002325,36,50,10.00,627.00,"6,270.00",2024-03-07
1187,HRL,2024030705002326,45,38,50.00,626.50,"31,325.00",2024-03-07
1188,HRL,2024030705002331,45,41,10.00,626.70,"6,267.00",2024-03-07
1189,HRL,2024030705002332,45,45,10.00,626.70,"6,267.00",2024-03-07
1190,HRL,2024030705002334,49,22,20.00,627.00,"12,540.00",2024-03-07
1191,HRL,2024030705002335,49,38,30.00,627.00,"18,810.00",2024-03-07
1192,HRL,2024030705002339,35,55,10.00,627.00,"6,270.00",2024-03-07
1193,HRL,2024030705002340,35,50,10.00,627.00,"6,270.00",2024-03-07
1194,HRL,2024030705002341,35,21,30.00,627.00,"18,810.00",2024-03-07
1195,HRL,2024030705002344,35,49,10.00,627.00,"6,270.00",2024-03-07
1196,HRL,2024030705002345,35,41,10.00,627.00,"6,270.00",2024-03-07
1197,HRL,2024030705002351,35,36,10.00,627.00,"6,270.00",2024-03-07
1198,HRL,2024030705002353,35,45,10.00,627.00,"6,270.00",2024-03-07
1199,HRL,2024030705002358,35,34,10.00,627.00,"6,270.00",2024-03-07
1200,HRL,2024030705002359,11,13,20.00,628.00,"12,560.00",2024-03-07
1201,HRL,2024030705002362,11,47,20.00,628.00,"12,560.00",2024-03-07
1202,HRL,2024030705002364,34,47,10.00,628.00,"6,280.00",2024-03-07
1203,HRL,2024030705002373,37,4,30.00,627.00,"18,810.00",2024-03-07
1204,HRL,2024030705002375,49,50,20.00,626.90,"12,538.00",2024-03-07
1205,HRL,2024030705002376,49,50,100.00,626.80,"62,680.00",2024-03-07
1206,HRL,2024030705002377,45,50,75.00,626.70,"47,002.50",2024-03-07
1207,HRL,2024030705002378,57,49,10.00,626.90,"6,269.00",2024-03-07
1208,HRL,2024030705002388,22,13,20.00,628.00,"12,560.00",2024-03-07
1209,HRL,2024030705002389,22,57,20.00,628.00,"12,560.00",2024-03-07
1210,HRL,2024030705002390,22,16,170.00,628.00,"106,760.00",2024-03-07
1211,HRL,2024030705002391,22,54,100.00,628.00,"62,800.00",2024-03-07
1212,HRL,2024030705002394,58,58,10.00,626.60,"6,266.00",2024-03-07
1213,HRL,2024030705002395,35,35,20.00,626.70,"12,534.00",2024-03-07
1214,HRL,2024030705002397,35,26,50.00,626.70,"31,335.00",2024-03-07
1215,HRL,2024030705002402,35,53,30.00,626.70,"18,801.00",2024-03-07
1216,HRL,2024030705002403,49,53,20.00,626.70,"12,534.00",2024-03-07
1217,HRL,2024030705002405,38,35,10.00,626.90,"6,269.00",2024-03-07
1218,HRL,2024030705002407,11,19,10.00,626.90,"6,269.00",2024-03-07
1219,HRL,2024030705002409,38,49,20.00,627.00,"12,540.00",2024-03-07
1220,HRL,2024030705002410,38,4,30.00,627.00,"18,810.00",2024-03-07
1221,HRL,2024030705002415,38,17,10.00,627.00,"6,270.00",2024-03-07
1222,HRL,2024030705002416,58,17,10.00,626.60,"6,266.00",2024-03-07
1223,HRL,2024030705002418,58,4,20.00,626.60,"12,532.00",2024-03-07
1224,HRL,2024030705002421,11,34,90.00,626.70,"56,403.00",2024-03-07
1225,HRL,2024030705002423,58,54,10.00,626.60,"6,266.00",2024-03-07
1226,HRL,2024030705002425,35,34,10.00,626.70,"6,267.00",2024-03-07
1227,HRL,2024030705002426,35,50,10.00,627.00,"6,270.00",2024-03-07
1228,HRL,2024030705002427,35,42,10.00,627.00,"6,270.00",2024-03-07
1229,HRL,2024030705002428,35,16,10.00,627.00,"6,270.00",2024-03-07
1230,HRL,2024030705002429,35,4,20.00,627.00,"12,540.00",2024-03-07
1231,HRL,2024030705002430,58,58,10.00,626.60,"6,266.00",2024-03-07
1232,HRL,2024030705002435,58,58,10.00,626.60,"6,266.00",2024-03-07
1233,HRL,2024030705002436,58,58,10.00,626.60,"6,266.00",2024-03-07
1234,HRL,2024030705002439,10,4,10.00,627.00,"6,270.00",2024-03-07
1235,HRL,2024030705002440,10,19,10.00,627.00,"6,270.00",2024-03-07
1236,HRL,2024030705002447,58,49,20.00,626.60,"12,532.00",2024-03-07
1237,HRL,2024030705002461,35,16,10.00,626.80,"6,268.00",2024-03-07
1238,HRL,2024030705002463,35,54,10.00,626.80,"6,268.00",2024-03-07
1239,HRL,2024030705002465,35,58,10.00,626.80,"6,268.00",2024-03-07
1240,HRL,2024030705002467,56,49,10.00,627.00,"6,270.00",2024-03-07
1241,HRL,2024030705002468,56,34,20.00,627.00,"12,540.00",2024-03-07
1242,HRL,2024030705002469,56,49,5.00,627.00,"3,135.00",2024-03-07
1243,HRL,2024030705002470,35,17,70.00,626.80,"43,876.00",2024-03-07
1244,HRL,2024030705002471,45,17,15.00,626.60,"9,399.00",2024-03-07
1245,HRL,2024030705002472,42,17,70.00,626.60,"43,862.00",2024-03-07
1246,HRL,2024030705002473,45,17,50.00,626.50,"31,325.00",2024-03-07
1247,HRL,2024030705002474,25,17,50.00,626.50,"31,325.00",2024-03-07
1248,HRL,2024030705002475,6,17,100.00,626.50,"62,650.00",2024-03-07
1249,HRL,2024030705002476,7,17,300.00,626.40,"187,920.00",2024-03-07
1250,HRL,2024030705002477,34,17,30.00,626.30,"18,789.00",2024-03-07
1251,HRL,2024030705002478,49,17,10.00,626.20,"6,262.00",2024-03-07
1252,HRL,2024030705002479,86,17,210.00,626.10,"131,481.00",2024-03-07
1253,HRL,2024030705002480,38,17,95.00,626.10,"59,479.50",2024-03-07
1254,HRL,2024030705002482,86,17,"1,000.00",626.10,"626,100.00",2024-03-07
1255,HRL,2024030705002483,47,17,500.00,626.00,"313,000.00",2024-03-07
1256,HRL,2024030705002484,37,17,50.00,626.00,"31,300.00",2024-03-07
1257,HRL,2024030705002485,58,17,60.00,626.00,"37,560.00",2024-03-07
1258,HRL,2024030705002486,34,17,50.00,626.00,"31,300.00",2024-03-07
1259,HRL,2024030705002487,45,17,450.00,626.00,"281,700.00",2024-03-07
1260,HRL,2024030705002488,58,17,100.00,626.00,"62,600.00",2024-03-07
1261,HRL,2024030705002489,32,17,50.00,626.00,"31,300.00",2024-03-07
1262,HRL,2024030705002490,52,17,200.00,626.00,"125,200.00",2024-03-07
1263,HRL,2024030705002493,41,17,10.00,626.00,"6,260.00",2024-03-07
1264,HRL,2024030705002494,35,55,10.00,625.50,"6,255.00",2024-03-07
1265,HRL,2024030705002496,35,49,10.00,625.50,"6,255.00",2024-03-07
1266,HRL,2024030705002501,35,42,10.00,625.50,"6,255.00",2024-03-07
1267,HRL,2024030705002504,35,49,10.00,625.50,"6,255.00",2024-03-07
1268,HRL,2024030705002505,38,17,30.00,626.00,"18,780.00",2024-03-07
1269,HRL,2024030705002506,38,32,10.00,626.00,"6,260.00",2024-03-07
1270,HRL,2024030705002507,35,43,38.00,625.50,"23,769.00",2024-03-07
1271,HRL,2024030705002508,35,51,10.00,625.50,"6,255.00",2024-03-07
1272,HRL,2024030705002510,35,56,20.00,625.50,"12,510.00",2024-03-07
1273,HRL,2024030705002511,35,26,20.00,625.50,"12,510.00",2024-03-07
1274,HRL,2024030705002513,35,58,20.00,625.50,"12,510.00",2024-03-07
1275,HRL,2024030705002514,35,5,10.00,625.50,"6,255.00",2024-03-07
1276,HRL,2024030705002518,46,58,10.00,626.00,"6,260.00",2024-03-07
1277,HRL,2024030705002519,35,57,10.00,625.50,"6,255.00",2024-03-07
1278,HRL,2024030705002521,35,4,20.00,625.50,"12,510.00",2024-03-07
1279,HRL,2024030705002538,46,34,10.00,625.60,"6,256.00",2024-03-07
1280,HRL,2024030705002540,46,49,20.00,625.60,"12,512.00",2024-03-07
1281,HRL,2024030705002543,46,34,10.00,625.60,"6,256.00",2024-03-07
1282,HRL,2024030705002553,46,36,30.00,625.60,"18,768.00",2024-03-07
1283,HRL,2024030705002554,46,40,10.00,625.60,"6,256.00",2024-03-07
1284,HRL,2024030705002555,46,6,10.00,625.60,"6,256.00",2024-03-07
1285,HRL,2024030705002556,46,21,10.00,625.60,"6,256.00",2024-03-07
1286,HRL,2024030705002557,46,32,20.00,625.60,"12,512.00",2024-03-07
1287,HRL,2024030705002568,46,5,180.00,625.60,"112,608.00",2024-03-07
1288,HRL,2024030705002569,35,5,20.00,625.50,"12,510.00",2024-03-07
1289,HRL,2024030705002575,1,32,50.00,625.60,"31,280.00",2024-03-07
1290,HRL,2024030705002576,1,58,10.00,626.00,"6,260.00",2024-03-07
1291,HRL,2024030705002577,1,62,10.00,626.00,"6,260.00",2024-03-07
1292,HRL,2024030705002578,1,16,170.00,626.00,"106,420.00",2024-03-07
1293,HRL,2024030705002579,1,42,10.00,626.00,"6,260.00",2024-03-07
1294,HRL,2024030705002580,1,57,10.00,626.80,"6,268.00",2024-03-07
1295,HRL,2024030705002584,11,58,10.00,625.60,"6,256.00",2024-03-07
1296,HRL,2024030705002585,35,45,10.00,625.50,"6,255.00",2024-03-07
1297,HRL,2024030705002586,35,49,10.00,625.50,"6,255.00",2024-03-07
1298,HRL,2024030705002587,35,53,100.00,625.50,"62,550.00",2024-03-07
1299,HRL,2024030705002589,35,58,10.00,625.50,"6,255.00",2024-03-07
1300,HRL,2024030705002590,35,49,10.00,625.50,"6,255.00",2024-03-07
1301,HRL,2024030705002591,35,35,20.00,625.50,"12,510.00",2024-03-07
1302,HRL,2024030705002592,35,49,40.00,625.50,"25,020.00",2024-03-07
1303,HRL,2024030705002593,35,49,20.00,625.50,"12,510.00",2024-03-07
1304,HRL,2024030705002598,35,8,20.00,625.50,"12,510.00",2024-03-07
1305,HRL,2024030705002599,35,53,500.00,625.50,"312,750.00",2024-03-07
1306,HRL,2024030705002600,32,56,10.00,625.50,"6,255.00",2024-03-07
1307,HRL,2024030705002601,32,56,10.00,625.50,"6,255.00",2024-03-07
1308,HRL,2024030705002603,32,46,10.00,625.50,"6,255.00",2024-03-07
1309,HRL,2024030705002608,32,48,20.00,625.50,"12,510.00",2024-03-07
1310,HRL,2024030705002609,42,48,90.00,625.50,"56,295.00",2024-03-07
1311,HRL,2024030705002610,53,48,100.00,625.10,"62,510.00",2024-03-07
1312,HRL,2024030705002611,13,48,50.00,625.00,"31,250.00",2024-03-07
1313,HRL,2024030705002612,13,48,20.00,625.00,"12,500.00",2024-03-07
1314,HRL,2024030705002613,16,48,50.00,625.00,"31,250.00",2024-03-07
1315,HRL,2024030705002614,48,48,170.00,625.00,"106,250.00",2024-03-07
1316,HRL,2024030705002616,48,45,10.00,625.00,"6,250.00",2024-03-07
1317,HRL,2024030705002617,48,1,10.00,625.00,"6,250.00",2024-03-07
1318,HRL,2024030705002618,48,49,10.00,625.00,"6,250.00",2024-03-07
1319,HRL,2024030705002619,42,49,10.00,625.00,"6,250.00",2024-03-07
1320,HRL,2024030705002621,42,8,20.00,625.00,"12,500.00",2024-03-07
1321,HRL,2024030705002624,47,50,10.00,625.00,"6,250.00",2024-03-07
1322,HRL,2024030705002625,47,58,10.00,625.00,"6,250.00",2024-03-07
1323,HRL,2024030705002626,47,49,10.00,625.00,"6,250.00",2024-03-07
1324,HRL,2024030705002629,42,42,10.00,626.00,"6,260.00",2024-03-07
1325,HRL,2024030705002632,47,8,10.00,625.00,"6,250.00",2024-03-07
1326,HRL,2024030705002635,47,58,10.00,625.00,"6,250.00",2024-03-07
1327,HRL,2024030705002636,34,58,10.00,625.00,"6,250.00",2024-03-07
1328,HRL,2024030705002637,11,58,10.00,626.00,"6,260.00",2024-03-07
1329,HRL,2024030705002638,11,38,20.00,626.00,"12,520.00",2024-03-07
1330,HRL,2024030705002639,11,16,10.00,626.00,"6,260.00",2024-03-07
1331,HRL,2024030705002641,34,47,10.00,625.00,"6,250.00",2024-03-07
1332,HRL,2024030705002647,41,21,10.00,625.00,"6,250.00",2024-03-07
1333,HRL,2024030705002649,41,36,60.00,625.00,"37,500.00",2024-03-07
1334,HRL,2024030705002650,4,36,50.00,625.00,"31,250.00",2024-03-07
1335,HRL,2024030705002651,14,36,20.00,625.00,"12,500.00",2024-03-07
1336,HRL,2024030705002652,38,36,200.00,625.00,"125,000.00",2024-03-07
1337,HRL,2024030705002653,58,36,30.00,625.00,"18,750.00",2024-03-07
1338,HRL,2024030705002654,13,36,100.00,625.00,"62,500.00",2024-03-07
1339,HRL,2024030705002655,40,36,40.00,625.00,"25,000.00",2024-03-07
1340,HRL,2024030705002659,40,69,460.00,625.00,"287,500.00",2024-03-07
1341,HRL,2024030705002660,38,69,100.00,625.00,"62,500.00",2024-03-07
1342,HRL,2024030705002661,58,69,100.00,625.00,"62,500.00",2024-03-07
1343,HRL,2024030705002662,32,69,50.00,625.00,"31,250.00",2024-03-07
1344,HRL,2024030705002665,83,21,10.00,623.30,"6,233.00",2024-03-07
1345,HRL,2024030705002666,83,21,10.00,623.30,"6,233.00",2024-03-07
1346,HRL,2024030705002667,83,44,10.00,623.30,"6,233.00",2024-03-07
1347,HRL,2024030705002674,49,58,10.00,623.40,"6,234.00",2024-03-07
1348,HRL,2024030705002677,49,38,10.00,623.40,"6,234.00",2024-03-07
1349,HRL,2024030705002678,34,52,10.00,623.50,"6,235.00",2024-03-07
1350,HRL,2024030705002682,34,49,10.00,623.50,"6,235.00",2024-03-07
1351,HRL,2024030705002684,34,38,10.00,623.50,"6,235.00",2024-03-07
1352,HRL,2024030705002687,58,58,10.00,623.60,"6,236.00",2024-03-07
1353,HRL,2024030705002688,34,58,10.00,623.50,"6,235.00",2024-03-07
1354,HRL,2024030705002689,34,48,10.00,623.50,"6,235.00",2024-03-07
1355,HRL,2024030705002692,49,17,20.00,623.40,"12,468.00",2024-03-07
1356,HRL,2024030705002693,83,38,10.00,623.30,"6,233.00",2024-03-07
1357,HRL,2024030705002695,83,42,20.00,623.30,"12,466.00",2024-03-07
1358,HRL,2024030705002697,83,49,20.00,623.30,"12,466.00",2024-03-07
1359,HRL,2024030705002698,83,17,20.00,623.30,"12,466.00",2024-03-07
1360,HRL,2024030705002701,49,42,10.00,623.40,"6,234.00",2024-03-07
1361,HRL,2024030705002703,49,38,10.00,623.40,"6,234.00",2024-03-07
1362,HRL,2024030705002705,7,46,20.00,623.40,"12,468.00",2024-03-07
1363,HRL,2024030705002706,7,22,30.00,623.40,"18,702.00",2024-03-07
1364,HRL,2024030705002707,7,6,10.00,623.40,"6,234.00",2024-03-07
1365,HRL,2024030705002709,7,38,10.00,623.40,"6,234.00",2024-03-07
1366,HRL,2024030705002710,7,44,10.00,623.40,"6,234.00",2024-03-07
1367,HRL,2024030705002714,7,21,10.00,623.40,"6,234.00",2024-03-07
1368,HRL,2024030705002721,7,49,10.00,623.40,"6,234.00",2024-03-07
1369,HRL,2024030705002723,34,52,10.00,623.40,"6,234.00",2024-03-07
1370,HRL,2024030705002725,34,58,10.00,623.40,"6,234.00",2024-03-07
1371,HRL,2024030705002733,7,6,10.00,623.60,"6,236.00",2024-03-07
1372,HRL,2024030705002734,7,4,10.00,623.60,"6,236.00",2024-03-07
1373,HRL,2024030705002735,7,21,10.00,623.60,"6,236.00",2024-03-07
1374,HRL,2024030705002736,7,49,20.00,623.60,"12,472.00",2024-03-07
1375,HRL,2024030705002738,7,6,10.00,623.60,"6,236.00",2024-03-07
1376,HRL,2024030705002739,7,49,30.00,623.60,"18,708.00",2024-03-07
1377,HRL,2024030705002742,34,49,10.00,624.00,"6,240.00",2024-03-07
1378,HRL,2024030705002743,34,54,10.00,624.00,"6,240.00",2024-03-07
1379,HRL,2024030705002744,34,38,30.00,624.00,"18,720.00",2024-03-07
1380,HRL,2024030705002745,34,52,20.00,624.00,"12,480.00",2024-03-07
1381,HRL,2024030705002746,34,49,20.00,624.00,"12,480.00",2024-03-07
1382,HRL,2024030705002747,34,7,20.00,624.00,"12,480.00",2024-03-07
1383,HRL,2024030705002748,35,38,20.00,623.70,"12,474.00",2024-03-07
1384,HRL,2024030705002751,45,44,10.00,624.00,"6,240.00",2024-03-07
1385,HRL,2024030705002752,45,42,10.00,624.00,"6,240.00",2024-03-07
1386,HRL,2024030705002753,45,72,30.00,624.00,"18,720.00",2024-03-07
1387,HRL,2024030705002754,8,58,10.00,623.80,"6,238.00",2024-03-07
1388,HRL,2024030705002755,58,72,100.00,624.00,"62,400.00",2024-03-07
1389,HRL,2024030705002756,39,72,170.00,624.00,"106,080.00",2024-03-07
1390,HRL,2024030705002757,39,52,10.00,624.00,"6,240.00",2024-03-07
1391,HRL,2024030705002761,39,72,100.00,624.00,"62,400.00",2024-03-07
1392,HRL,2024030705002762,7,69,20.00,625.00,"12,500.00",2024-03-07
1393,HRL,2024030705002763,39,52,10.00,624.00,"6,240.00",2024-03-07
1394,HRL,2024030705002764,38,69,200.00,625.00,"125,000.00",2024-03-07
1395,HRL,2024030705002765,39,14,10.00,624.00,"6,240.00",2024-03-07
1396,HRL,2024030705002766,39,66,10.00,624.00,"6,240.00",2024-03-07
1397,HRL,2024030705002770,39,35,170.00,624.00,"106,080.00",2024-03-07
1398,HRL,2024030705002771,7,58,10.00,624.10,"6,241.00",2024-03-07
1399,HRL,2024030705002772,53,43,10.00,624.10,"6,241.00",2024-03-07
1400,HRL,2024030705002773,53,38,10.00,624.10,"6,241.00",2024-03-07
1401,HRL,2024030705002774,53,39,10.00,624.10,"6,241.00",2024-03-07
1402,HRL,2024030705002778,33,69,10.00,625.00,"6,250.00",2024-03-07
1403,HRL,2024030705002782,39,34,10.00,624.00,"6,240.00",2024-03-07
1404,HRL,2024030705002785,39,45,10.00,624.00,"6,240.00",2024-03-07
1405,HRL,2024030705002786,13,34,10.00,624.00,"6,240.00",2024-03-07
1406,HRL,2024030705002790,13,38,10.00,624.00,"6,240.00",2024-03-07
1407,HRL,2024030705002793,13,42,50.00,624.00,"31,200.00",2024-03-07
1408,HRL,2024030705002794,8,42,100.00,624.00,"62,400.00",2024-03-07
1409,HRL,2024030705002795,58,34,10.00,624.00,"6,240.00",2024-03-07
1410,HRL,2024030705002796,46,58,10.00,624.10,"6,241.00",2024-03-07
1411,HRL,2024030705002798,46,62,20.00,624.10,"12,482.00",2024-03-07
1412,HRL,2024030705002799,46,22,10.00,624.10,"6,241.00",2024-03-07
1413,HRL,2024030705002800,58,49,20.00,624.00,"12,480.00",2024-03-07
1414,HRL,2024030705002801,58,53,20.00,624.00,"12,480.00",2024-03-07
1415,HRL,2024030705002802,35,53,80.00,624.00,"49,920.00",2024-03-07
1416,HRL,2024030705002815,8,38,30.00,623.80,"18,714.00",2024-03-07
1417,HRL,2024030705002816,8,44,10.00,623.80,"6,238.00",2024-03-07
1418,HRL,2024030705002817,8,42,50.00,623.80,"31,190.00",2024-03-07
1419,HRL,2024030705002820,80,40,10.00,623.60,"6,236.00",2024-03-07
1420,HRL,2024030705002822,80,42,90.00,623.60,"56,124.00",2024-03-07
1421,HRL,2024030705002827,58,42,10.00,623.60,"6,236.00",2024-03-07
1422,HRL,2024030705002829,58,49,10.00,623.70,"6,237.00",2024-03-07
1423,HRL,2024030705002830,58,49,10.00,623.50,"6,235.00",2024-03-07
1424,HRL,2024030705002833,58,14,10.00,623.50,"6,235.00",2024-03-07
1425,HRL,2024030705002834,58,35,10.00,623.50,"6,235.00",2024-03-07
1426,HRL,2024030705002838,8,41,10.00,623.60,"6,236.00",2024-03-07
1427,HRL,2024030705002839,8,41,10.00,623.60,"6,236.00",2024-03-07
1428,HRL,2024030705002840,57,53,60.00,623.70,"37,422.00",2024-03-07
1429,HRL,2024030705002844,57,38,20.00,623.70,"12,474.00",2024-03-07
1430,HRL,2024030705002846,57,42,10.00,623.70,"6,237.00",2024-03-07
1431,HRL,2024030705002847,57,49,10.00,623.70,"6,237.00",2024-03-07
1432,HRL,2024030705002848,8,45,30.00,623.60,"18,708.00",2024-03-07
1433,HRL,2024030705002849,42,49,10.00,623.70,"6,237.00",2024-03-07
1434,HRL,2024030705002850,42,4,10.00,624.00,"6,240.00",2024-03-07
1435,HRL,2024030705002851,42,44,10.00,624.00,"6,240.00",2024-03-07
1436,HRL,2024030705002852,42,22,100.00,624.00,"62,400.00",2024-03-07
1437,HRL,2024030705002853,42,19,20.00,624.00,"12,480.00",2024-03-07
1438,HRL,2024030705002854,42,47,20.00,624.00,"12,480.00",2024-03-07
1439,HRL,2024030705002855,42,19,20.00,624.00,"12,480.00",2024-03-07
1440,HRL,2024030705002856,42,32,30.00,624.00,"18,720.00",2024-03-07
1441,HRL,2024030705002861,42,41,10.00,624.00,"6,240.00",2024-03-07
1442,HRL,2024030705002863,42,44,10.00,624.00,"6,240.00",2024-03-07
1443,HRL,2024030705002867,42,45,10.00,624.00,"6,240.00",2024-03-07
1444,HRL,2024030705002871,42,41,10.00,624.00,"6,240.00",2024-03-07
1445,HRL,2024030705002872,42,4,10.00,624.00,"6,240.00",2024-03-07
1446,HRL,2024030705002873,42,29,10.00,624.00,"6,240.00",2024-03-07
1447,HRL,2024030705002883,59,57,19.00,624.50,"11,865.50",2024-03-07
1448,HRL,2024030705002884,42,19,10.00,624.00,"6,240.00",2024-03-07
1449,HRL,2024030705002886,42,34,20.00,624.00,"12,480.00",2024-03-07
1450,HRL,2024030705002887,42,14,20.00,624.00,"12,480.00",2024-03-07
1451,HRL,2024030705002890,35,32,20.00,624.00,"12,480.00",2024-03-07
1452,HRL,2024030705002894,35,34,20.00,624.00,"12,480.00",2024-03-07
1453,HRL,2024030705002895,35,48,30.00,624.00,"18,720.00",2024-03-07
1454,HRL,2024030705002896,35,19,10.00,624.00,"6,240.00",2024-03-07
1455,HRL,2024030705002897,35,57,20.00,624.00,"12,480.00",2024-03-07
1456,HRL,2024030705002898,8,57,10.00,623.60,"6,236.00",2024-03-07
1457,HRL,2024030705002899,8,14,20.00,623.60,"12,472.00",2024-03-07
1458,HRL,2024030705002900,45,34,10.00,624.00,"6,240.00",2024-03-07
1459,HRL,2024030705002902,45,34,20.00,624.00,"12,480.00",2024-03-07
1460,HRL,2024030705002903,45,89,10.00,624.00,"6,240.00",2024-03-07
1461,HRL,2024030705002907,45,58,10.00,624.00,"6,240.00",2024-03-07
1462,HRL,2024030705002908,8,58,710.00,623.60,"442,756.00",2024-03-07
1463,HRL,2024030705002909,58,58,170.00,623.50,"105,995.00",2024-03-07
1464,HRL,2024030705002910,34,58,30.00,623.50,"18,705.00",2024-03-07
1465,HRL,2024030705002911,34,58,10.00,623.40,"6,234.00",2024-03-07
1466,HRL,2024030705002912,13,58,50.00,623.40,"31,170.00",2024-03-07
1467,HRL,2024030705002913,45,58,20.00,623.40,"12,468.00",2024-03-07
1468,HRL,2024030705002914,34,57,10.00,624.50,"6,245.00",2024-03-07
1469,HRL,2024030705002915,21,52,10.00,624.00,"6,240.00",2024-03-07
1470,HRL,2024030705002916,21,57,50.00,624.90,"31,245.00",2024-03-07
1471,HRL,2024030705002917,21,69,60.00,625.00,"37,500.00",2024-03-07
1472,HRL,2024030705002918,21,35,10.00,625.00,"6,250.00",2024-03-07
1473,HRL,2024030705002919,21,35,10.00,625.00,"6,250.00",2024-03-07
1474,HRL,2024030705002920,21,49,20.00,625.00,"12,500.00",2024-03-07
1475,HRL,2024030705002921,21,58,20.00,625.00,"12,500.00",2024-03-07
1476,HRL,2024030705002922,21,62,20.00,625.00,"12,500.00",2024-03-07
1477,HRL,2024030705002923,21,19,10.00,625.00,"6,250.00",2024-03-07
1478,HRL,2024030705002924,21,6,20.00,625.00,"12,500.00",2024-03-07
1479,HRL,2024030705002925,21,18,10.00,625.00,"6,250.00",2024-03-07
1480,HRL,2024030705002926,21,45,10.00,625.00,"6,250.00",2024-03-07
1481,HRL,2024030705002927,21,49,20.00,625.00,"12,500.00",2024-03-07
1482,HRL,2024030705002928,21,5,10.00,625.00,"6,250.00",2024-03-07
1483,HRL,2024030705002929,21,47,10.00,625.00,"6,250.00",2024-03-07
1484,HRL,2024030705002930,21,38,10.00,625.00,"6,250.00",2024-03-07
1485,HRL,2024030705002931,45,4,10.00,623.40,"6,234.00",2024-03-07
1486,HRL,2024030705002934,45,48,30.00,623.40,"18,702.00",2024-03-07
1487,HRL,2024030705002935,45,57,20.00,623.40,"12,468.00",2024-03-07
1488,HRL,2024030705002936,62,34,10.00,624.00,"6,240.00",2024-03-07
1489,HRL,2024030705002937,62,65,20.00,624.00,"12,480.00",2024-03-07
1490,HRL,2024030705002938,62,48,10.00,624.00,"6,240.00",2024-03-07
1491,HRL,2024030705002939,62,47,20.00,624.00,"12,480.00",2024-03-07
1492,HRL,2024030705002940,62,34,10.00,624.00,"6,240.00",2024-03-07
1493,HRL,2024030705002947,62,49,430.00,624.00,"268,320.00",2024-03-07
1494,HRL,2024030705002948,58,49,30.00,624.00,"18,720.00",2024-03-07
1495,HRL,2024030705002949,45,49,20.00,623.40,"12,468.00",2024-03-07
1496,HRL,2024030705002950,83,49,760.00,623.30,"473,708.00",2024-03-07
1497,HRL,2024030705002951,83,55,20.00,623.30,"12,466.00",2024-03-07
