SN,Symbol,Transaction No.,Buyer Broker,Seller Broker,Share Quantity,Rate(Rs),Amount(Rs),Traded Date
1,HRL,2024030505000049,57,52,10.00,630.00,"6,300.00",2024-03-05
2,HRL,2024030505000050,57,55,10.00,630.00,"6,300.00",2024-03-05
3,HRL,2024030505000051,57,59,20.00,630.00,"12,600.00",2024-03-05
4,HRL,2024030505000052,57,80,10.00,630.00,"6,300.00",2024-03-05
5,HRL,2024030505000053,57,58,10.00,630.00,"6,300.00",2024-03-05
6,HRL,2024030505000054,57,58,10.00,630.00,"6,300.00",2024-03-05
7,HRL,2024030505000055,57,59,10.00,630.00,"6,300.00",2024-03-05
8,HRL,2024030505000056,57,43,10.00,630.00,"6,300.00",2024-03-05
9,HRL,2024030505000057,57,58,10.00,630.00,"6,300.00",2024-03-05
10,HRL,2024030505000058,48,94,200.00,630.00,"126,000.00",2024-03-05
11,HRL,2024030505000059,14,94,100.00,630.00,"63,000.00",2024-03-05
12,HRL,2024030505000060,21,94,50.00,630.00,"31,500.00",2024-03-05
13,HRL,2024030505000061,42,94,150.00,630.00,"94,500.00",2024-03-05
14,HRL,2024030505000062,42,13,175.00,630.00,"110,250.00",2024-03-05
15,HRL,2024030505000063,41,13,25.00,630.00,"15,750.00",2024-03-05
16,HRL,2024030505000064,41,41,75.00,630.00,"47,250.00",2024-03-05
17,HRL,2024030505000065,32,41,15.00,630.00,"9,450.00",2024-03-05
18,HRL,2024030505000066,32,22,85.00,630.00,"53,550.00",2024-03-05
19,HRL,2024030505000067,77,22,10.00,630.00,"6,300.00",2024-03-05
20,HRL,2024030505000068,45,22,50.00,630.00,"31,500.00",2024-03-05
21,HRL,2024030505000069,58,22,10.00,630.00,"6,300.00",2024-03-05
22,HRL,2024030505000070,58,22,45.00,630.00,"28,350.00",2024-03-05
23,HRL,2024030505000071,58,44,5.00,630.00,"3,150.00",2024-03-05
24,HRL,2024030505000072,93,44,10.00,630.00,"6,300.00",2024-03-05
25,HRL,2024030505000073,49,44,20.00,630.00,"12,600.00",2024-03-05
26,HRL,2024030505000074,14,44,65.00,630.00,"40,950.00",2024-03-05
27,HRL,2024030505000075,11,32,20.00,631.00,"12,620.00",2024-03-05
28,HRL,2024030505000079,49,32,200.00,631.00,"126,200.00",2024-03-05
29,HRL,2024030505000085,43,32,100.00,631.00,"63,100.00",2024-03-05
30,HRL,2024030505000086,14,28,10.00,630.00,"6,300.00",2024-03-05
31,HRL,2024030505000088,14,41,25.00,630.00,"15,750.00",2024-03-05
32,HRL,2024030505000089,58,32,30.00,631.00,"18,930.00",2024-03-05
33,HRL,2024030505000090,58,58,30.00,632.00,"18,960.00",2024-03-05
34,HRL,2024030505000091,58,89,90.00,633.50,"57,015.00",2024-03-05
35,HRL,2024030505000092,58,13,10.00,630.00,"6,300.00",2024-03-05
36,HRL,2024030505000094,21,77,20.00,631.00,"12,620.00",2024-03-05
37,HRL,2024030505000102,58,89,110.00,633.50,"69,685.00",2024-03-05
38,HRL,2024030505000103,58,41,77.00,633.80,"48,802.60",2024-03-05
39,HRL,2024030505000104,58,41,53.00,633.90,"33,596.70",2024-03-05
40,HRL,2024030505000114,21,19,30.00,631.00,"18,930.00",2024-03-05
41,HRL,2024030505000115,21,43,50.00,631.00,"31,550.00",2024-03-05
42,HRL,2024030505000116,28,43,450.00,631.00,"283,950.00",2024-03-05
43,HRL,2024030505000118,28,53,550.00,631.00,"347,050.00",2024-03-05
44,HRL,2024030505000121,38,17,10.00,628.00,"6,280.00",2024-03-05
45,HRL,2024030505000130,38,40,40.00,628.00,"25,120.00",2024-03-05
46,HRL,2024030505000131,35,40,60.00,625.00,"37,500.00",2024-03-05
47,HRL,2024030505000133,58,55,40.00,630.00,"25,200.00",2024-03-05
48,HRL,2024030505000136,38,55,360.00,630.00,"226,800.00",2024-03-05
49,HRL,2024030505000137,38,35,100.00,630.00,"63,000.00",2024-03-05
50,HRL,2024030505000143,38,10,40.00,630.00,"25,200.00",2024-03-05
51,HRL,2024030505000147,35,62,290.00,625.00,"181,250.00",2024-03-05
52,HRL,2024030505000148,34,55,50.00,628.00,"31,400.00",2024-03-05
53,HRL,2024030505000149,34,10,120.00,629.00,"75,480.00",2024-03-05
54,HRL,2024030505000150,35,35,100.00,625.00,"62,500.00",2024-03-05
55,HRL,2024030505000156,35,44,50.00,625.00,"31,250.00",2024-03-05
56,HRL,2024030505000157,34,44,150.00,625.00,"93,750.00",2024-03-05
57,HRL,2024030505000165,34,58,110.00,625.00,"68,750.00",2024-03-05
58,HRL,2024030505000166,42,58,40.00,625.00,"25,000.00",2024-03-05
59,HRL,2024030505000179,62,58,150.00,625.00,"93,750.00",2024-03-05
60,HRL,2024030505000181,71,16,995.00,623.00,"619,885.00",2024-03-05
61,HRL,2024030505000182,71,35,100.00,623.00,"62,300.00",2024-03-05
62,HRL,2024030505000184,71,45,500.00,623.00,"311,500.00",2024-03-05
63,HRL,2024030505000185,71,61,405.00,623.00,"252,315.00",2024-03-05
64,HRL,2024030505000191,14,38,200.00,622.50,"124,500.00",2024-03-05
65,HRL,2024030505000192,5,38,100.00,622.00,"62,200.00",2024-03-05
66,HRL,2024030505000195,57,61,30.00,623.00,"18,690.00",2024-03-05
67,HRL,2024030505000198,5,5,100.00,622.00,"62,200.00",2024-03-05
68,HRL,2024030505000199,45,5,500.00,622.00,"311,000.00",2024-03-05
69,HRL,2024030505000200,42,5,208.00,622.00,"129,376.00",2024-03-05
70,HRL,2024030505000201,21,5,100.00,622.00,"62,200.00",2024-03-05
71,HRL,2024030505000202,32,5,20.00,622.00,"12,440.00",2024-03-05
72,HRL,2024030505000203,21,5,50.00,622.00,"31,100.00",2024-03-05
73,HRL,2024030505000204,50,5,22.00,622.00,"13,684.00",2024-03-05
74,HRL,2024030505000205,50,22,298.00,622.00,"185,356.00",2024-03-05
75,HRL,2024030505000206,49,35,20.00,621.30,"12,426.00",2024-03-05
76,HRL,2024030505000207,40,35,10.00,620.00,"6,200.00",2024-03-05
77,HRL,2024030505000208,26,35,55.00,620.00,"34,100.00",2024-03-05
78,HRL,2024030505000209,38,35,115.00,620.00,"71,300.00",2024-03-05
79,HRL,2024030505000211,38,42,20.00,620.00,"12,400.00",2024-03-05
80,HRL,2024030505000212,38,34,100.00,620.00,"62,000.00",2024-03-05
81,HRL,2024030505000214,38,89,10.00,620.00,"6,200.00",2024-03-05
82,HRL,2024030505000222,38,55,200.00,620.00,"124,000.00",2024-03-05
83,HRL,2024030505000223,38,38,55.00,620.00,"34,100.00",2024-03-05
84,HRL,2024030505000231,58,34,100.00,611.00,"61,100.00",2024-03-05
85,HRL,2024030505000235,58,14,30.00,615.00,"18,450.00",2024-03-05
86,HRL,2024030505000244,42,14,70.00,615.00,"43,050.00",2024-03-05
87,HRL,2024030505000245,42,38,30.00,620.00,"18,600.00",2024-03-05
88,HRL,2024030505000247,55,58,270.00,610.00,"164,700.00",2024-03-05
89,HRL,2024030505000249,55,48,10.00,610.00,"6,100.00",2024-03-05
90,HRL,2024030505000250,29,14,100.00,611.00,"61,100.00",2024-03-05
91,HRL,2024030505000251,55,34,20.00,610.00,"12,200.00",2024-03-05
92,HRL,2024030505000252,16,38,115.00,620.00,"71,300.00",2024-03-05
93,HRL,2024030505000253,16,45,100.00,620.00,"62,000.00",2024-03-05
94,HRL,2024030505000254,16,36,170.00,620.00,"105,400.00",2024-03-05
95,HRL,2024030505000255,16,58,10.00,620.00,"6,200.00",2024-03-05
96,HRL,2024030505000256,16,47,10.00,620.00,"6,200.00",2024-03-05
97,HRL,2024030505000257,16,44,20.00,620.00,"12,400.00",2024-03-05
98,HRL,2024030505000258,16,38,25.00,620.00,"15,500.00",2024-03-05
99,HRL,2024030505000260,16,45,10.00,620.00,"6,200.00",2024-03-05
100,HRL,2024030505000265,16,42,40.00,620.00,"24,800.00",2024-03-05
101,HRL,2024030505000266,55,42,10.00,610.00,"6,100.00",2024-03-05
102,HRL,2024030505000267,55,56,100.00,610.00,"61,000.00",2024-03-05
103,HRL,2024030505000271,48,28,30.00,610.10,"18,303.00",2024-03-05
104,HRL,2024030505000275,48,7,10.00,610.10,"6,101.00",2024-03-05
105,HRL,2024030505000278,42,39,100.00,620.00,"62,000.00",2024-03-05
106,HRL,2024030505000286,34,48,10.00,611.00,"6,110.00",2024-03-05
107,HRL,2024030505000288,34,59,290.00,611.00,"177,190.00",2024-03-05
108,HRL,2024030505000289,71,59,210.00,611.00,"128,310.00",2024-03-05
109,HRL,2024030505000291,29,35,20.00,620.00,"12,400.00",2024-03-05
110,HRL,2024030505000292,29,58,20.00,620.00,"12,400.00",2024-03-05
111,HRL,2024030505000293,29,13,60.00,620.00,"37,200.00",2024-03-05
112,HRL,2024030505000295,58,13,20.00,620.00,"12,400.00",2024-03-05
113,HRL,2024030505000296,3,49,10.00,611.10,"6,111.00",2024-03-05
114,HRL,2024030505000301,58,32,10.00,615.00,"6,150.00",2024-03-05
115,HRL,2024030505000302,58,13,20.00,620.00,"12,400.00",2024-03-05
116,HRL,2024030505000303,58,20,470.00,620.00,"291,400.00",2024-03-05
117,HRL,2024030505000304,49,62,10.00,613.00,"6,130.00",2024-03-05
118,HRL,2024030505000306,58,20,30.00,620.00,"18,600.00",2024-03-05
119,HRL,2024030505000307,49,57,140.00,613.00,"85,820.00",2024-03-05
120,HRL,2024030505000308,51,57,22.00,611.30,"13,448.60",2024-03-05
121,HRL,2024030505000309,3,57,338.00,611.10,"206,551.80",2024-03-05
122,HRL,2024030505000312,21,20,20.00,620.00,"12,400.00",2024-03-05
123,HRL,2024030505000317,38,52,10.00,612.00,"6,120.00",2024-03-05
124,HRL,2024030505000318,38,20,480.00,620.00,"297,600.00",2024-03-05
125,HRL,2024030505000319,38,35,10.00,620.00,"6,200.00",2024-03-05
126,HRL,2024030505000320,43,38,30.00,611.40,"18,342.00",2024-03-05
127,HRL,2024030505000321,77,38,20.00,611.30,"12,226.00",2024-03-05
128,HRL,2024030505000322,34,38,20.00,611.30,"12,226.00",2024-03-05
129,HRL,2024030505000323,57,38,50.00,611.20,"30,560.00",2024-03-05
130,HRL,2024030505000324,3,38,80.00,611.10,"48,888.00",2024-03-05
131,HRL,2024030505000326,34,35,20.00,620.00,"12,400.00",2024-03-05
132,HRL,2024030505000327,3,35,10.00,611.10,"6,111.00",2024-03-05
133,HRL,2024030505000328,3,48,10.00,611.10,"6,111.00",2024-03-05
134,HRL,2024030505000335,56,43,20.00,612.00,"12,240.00",2024-03-05
135,HRL,2024030505000340,29,43,100.00,612.00,"61,200.00",2024-03-05
136,HRL,2024030505000342,48,43,80.00,612.00,"48,960.00",2024-03-05
137,HRL,2024030505000345,29,26,10.00,620.00,"6,200.00",2024-03-05
138,HRL,2024030505000346,29,5,25.00,620.00,"15,500.00",2024-03-05
139,HRL,2024030505000349,35,53,10.00,612.50,"6,125.00",2024-03-05
140,HRL,2024030505000358,48,6,20.00,614.00,"12,280.00",2024-03-05
141,HRL,2024030505000360,48,49,362.00,614.00,"222,268.00",2024-03-05
142,HRL,2024030505000366,77,58,10.00,615.00,"6,150.00",2024-03-05
143,HRL,2024030505000373,48,38,10.00,615.10,"6,151.00",2024-03-05
144,HRL,2024030505000380,38,17,10.00,617.00,"6,170.00",2024-03-05
145,HRL,2024030505000385,38,55,10.00,617.00,"6,170.00",2024-03-05
146,HRL,2024030505000386,38,44,20.00,617.00,"12,340.00",2024-03-05
147,HRL,2024030505000387,38,33,20.00,617.00,"12,340.00",2024-03-05
148,HRL,2024030505000388,38,38,10.00,617.00,"6,170.00",2024-03-05
149,HRL,2024030505000389,56,48,10.00,618.00,"6,180.00",2024-03-05
150,HRL,2024030505000391,48,58,10.00,619.00,"6,190.00",2024-03-05
151,HRL,2024030505000392,48,70,20.00,619.00,"12,380.00",2024-03-05
152,HRL,2024030505000393,48,58,10.00,619.00,"6,190.00",2024-03-05
153,HRL,2024030505000394,48,51,60.00,619.00,"37,140.00",2024-03-05
154,HRL,2024030505000395,56,51,140.00,618.00,"86,520.00",2024-03-05
155,HRL,2024030505000404,14,34,100.00,619.80,"61,980.00",2024-03-05
156,HRL,2024030505000405,14,18,20.00,619.90,"12,398.00",2024-03-05
157,HRL,2024030505000406,14,10,380.00,619.90,"235,562.00",2024-03-05
158,HRL,2024030505000407,44,16,10.00,619.00,"6,190.00",2024-03-05
159,HRL,2024030505000408,44,11,10.00,619.00,"6,190.00",2024-03-05
160,HRL,2024030505000412,44,40,10.00,619.00,"6,190.00",2024-03-05
161,HRL,2024030505000413,44,51,20.00,619.00,"12,380.00",2024-03-05
162,HRL,2024030505000415,44,50,50.00,619.00,"30,950.00",2024-03-05
163,HRL,2024030505000416,39,50,100.00,619.00,"61,900.00",2024-03-05
164,HRL,2024030505000417,56,50,350.00,618.00,"216,300.00",2024-03-05
165,HRL,2024030505000418,58,50,500.00,618.00,"309,000.00",2024-03-05
166,HRL,2024030505000419,38,50,130.00,617.00,"80,210.00",2024-03-05
167,HRL,2024030505000420,14,50,30.00,617.00,"18,510.00",2024-03-05
168,HRL,2024030505000421,42,50,30.00,617.00,"18,510.00",2024-03-05
169,HRL,2024030505000422,49,50,100.00,616.00,"61,600.00",2024-03-05
170,HRL,2024030505000423,48,50,410.00,615.10,"252,191.00",2024-03-05
171,HRL,2024030505000424,48,10,40.00,619.90,"24,796.00",2024-03-05
172,HRL,2024030505000426,42,7,20.00,619.00,"12,380.00",2024-03-05
173,HRL,2024030505000427,42,43,10.00,619.00,"6,190.00",2024-03-05
174,HRL,2024030505000431,6,43,10.00,619.00,"6,190.00",2024-03-05
175,HRL,2024030505000433,55,43,10.00,619.00,"6,190.00",2024-03-05
176,HRL,2024030505000435,39,43,30.00,619.00,"18,570.00",2024-03-05
177,HRL,2024030505000436,39,7,170.00,619.00,"105,230.00",2024-03-05
178,HRL,2024030505000437,6,7,100.00,618.00,"61,800.00",2024-03-05
179,HRL,2024030505000447,50,7,300.00,618.00,"185,400.00",2024-03-05
180,HRL,2024030505000451,7,7,30.00,618.00,"18,540.00",2024-03-05
181,HRL,2024030505000452,7,43,20.00,618.00,"12,360.00",2024-03-05
182,HRL,2024030505000454,45,7,10.00,617.00,"6,170.00",2024-03-05
183,HRL,2024030505000459,21,43,10.00,618.00,"6,180.00",2024-03-05
184,HRL,2024030505000461,10,43,60.00,618.00,"37,080.00",2024-03-05
185,HRL,2024030505000462,45,43,10.00,618.00,"6,180.00",2024-03-05
186,HRL,2024030505000470,28,43,100.00,618.00,"61,800.00",2024-03-05
187,HRL,2024030505000471,28,48,30.00,618.00,"18,540.00",2024-03-05
188,HRL,2024030505000472,28,81,10.00,618.00,"6,180.00",2024-03-05
189,HRL,2024030505000473,28,58,10.00,618.00,"6,180.00",2024-03-05
190,HRL,2024030505000474,28,45,10.00,618.00,"6,180.00",2024-03-05
191,HRL,2024030505000475,28,10,"1,000.00",618.00,"618,000.00",2024-03-05
192,HRL,2024030505000476,28,57,10.00,619.00,"6,190.00",2024-03-05
193,HRL,2024030505000477,28,38,10.00,619.00,"6,190.00",2024-03-05
194,HRL,2024030505000478,28,34,10.00,619.00,"6,190.00",2024-03-05
195,HRL,2024030505000479,28,7,50.00,619.00,"30,950.00",2024-03-05
196,HRL,2024030505000480,28,28,500.00,619.00,"309,500.00",2024-03-05
197,HRL,2024030505000481,28,6,10.00,619.50,"6,195.00",2024-03-05
198,HRL,2024030505000482,28,16,100.00,619.80,"61,980.00",2024-03-05
199,HRL,2024030505000483,28,58,10.00,619.80,"6,198.00",2024-03-05
200,HRL,2024030505000484,28,10,80.00,619.90,"49,592.00",2024-03-05
201,HRL,2024030505000485,28,5,60.00,620.00,"37,200.00",2024-03-05
202,HRL,2024030505000489,38,51,20.00,618.00,"12,360.00",2024-03-05
203,HRL,2024030505000491,38,41,30.00,618.00,"18,540.00",2024-03-05
204,HRL,2024030505000492,38,37,10.00,618.00,"6,180.00",2024-03-05
205,HRL,2024030505000496,38,41,20.00,618.00,"12,360.00",2024-03-05
206,HRL,2024030505000498,38,87,10.00,618.00,"6,180.00",2024-03-05
207,HRL,2024030505000500,38,7,10.00,618.00,"6,180.00",2024-03-05
208,HRL,2024030505000502,46,52,20.00,618.00,"12,360.00",2024-03-05
209,HRL,2024030505000504,46,6,10.00,618.00,"6,180.00",2024-03-05
210,HRL,2024030505000505,49,33,10.00,618.10,"6,181.00",2024-03-05
211,HRL,2024030505000506,49,56,10.00,618.10,"6,181.00",2024-03-05
212,HRL,2024030505000513,49,49,130.00,618.10,"80,353.00",2024-03-05
213,HRL,2024030505000514,46,49,170.00,618.00,"105,060.00",2024-03-05
214,HRL,2024030505000515,29,49,30.00,618.00,"18,540.00",2024-03-05
215,HRL,2024030505000516,38,49,30.00,618.00,"18,540.00",2024-03-05
216,HRL,2024030505000517,55,49,"1,640.00",618.00,"1,013,520.00",2024-03-05
217,HRL,2024030505000518,6,45,10.00,619.00,"6,190.00",2024-03-05
218,HRL,2024030505000519,6,49,20.00,619.10,"12,382.00",2024-03-05
219,HRL,2024030505000520,6,5,15.00,620.00,"9,300.00",2024-03-05
220,HRL,2024030505000521,6,38,300.00,620.00,"186,000.00",2024-03-05
221,HRL,2024030505000522,6,58,10.00,620.00,"6,200.00",2024-03-05
222,HRL,2024030505000523,6,35,10.00,620.00,"6,200.00",2024-03-05
223,HRL,2024030505000524,6,26,635.00,620.00,"393,700.00",2024-03-05
224,HRL,2024030505000526,22,58,10.00,619.00,"6,190.00",2024-03-05
225,HRL,2024030505000527,38,58,39.00,618.10,"24,105.90",2024-03-05
226,HRL,2024030505000528,39,26,50.00,620.00,"31,000.00",2024-03-05
227,HRL,2024030505000530,38,58,10.00,618.10,"6,181.00",2024-03-05
228,HRL,2024030505000531,38,58,20.00,618.10,"12,362.00",2024-03-05
229,HRL,2024030505000532,38,6,10.00,618.10,"6,181.00",2024-03-05
230,HRL,2024030505000533,38,36,10.00,618.10,"6,181.00",2024-03-05
231,HRL,2024030505000535,42,42,10.00,619.00,"6,190.00",2024-03-05
232,HRL,2024030505000536,38,38,10.00,618.10,"6,181.00",2024-03-05
233,HRL,2024030505000537,17,52,60.00,618.10,"37,086.00",2024-03-05
234,HRL,2024030505000538,17,36,40.00,619.00,"24,760.00",2024-03-05
235,HRL,2024030505000540,55,37,10.00,618.00,"6,180.00",2024-03-05
236,HRL,2024030505000543,42,41,20.00,618.10,"12,362.00",2024-03-05
237,HRL,2024030505000544,42,36,10.00,619.00,"6,190.00",2024-03-05
238,HRL,2024030505000545,55,33,10.00,618.00,"6,180.00",2024-03-05
239,HRL,2024030505000546,17,36,100.00,619.00,"61,900.00",2024-03-05
240,HRL,2024030505000547,40,36,10.00,619.00,"6,190.00",2024-03-05
241,HRL,2024030505000549,55,38,10.00,618.00,"6,180.00",2024-03-05
242,HRL,2024030505000550,55,43,20.00,618.00,"12,360.00",2024-03-05
243,HRL,2024030505000552,55,38,20.00,618.00,"12,360.00",2024-03-05
244,HRL,2024030505000553,55,48,30.00,618.00,"18,540.00",2024-03-05
245,HRL,2024030505000557,55,58,20.00,618.00,"12,360.00",2024-03-05
246,HRL,2024030505000558,55,35,20.00,618.00,"12,360.00",2024-03-05
247,HRL,2024030505000559,6,36,350.00,619.00,"216,650.00",2024-03-05
248,HRL,2024030505000569,29,58,20.00,618.10,"12,362.00",2024-03-05
249,HRL,2024030505000570,29,49,40.00,618.10,"24,724.00",2024-03-05
250,HRL,2024030505000571,55,49,160.00,618.00,"98,880.00",2024-03-05
251,HRL,2024030505000574,1,36,50.00,619.00,"30,950.00",2024-03-05
252,HRL,2024030505000577,22,36,30.00,619.00,"18,570.00",2024-03-05
253,HRL,2024030505000578,50,45,20.00,618.10,"12,362.00",2024-03-05
254,HRL,2024030505000579,35,36,100.00,619.00,"61,900.00",2024-03-05
255,HRL,2024030505000580,36,36,10.00,619.00,"6,190.00",2024-03-05
256,HRL,2024030505000581,36,32,10.00,619.00,"6,190.00",2024-03-05
257,HRL,2024030505000582,36,51,30.00,619.00,"18,570.00",2024-03-05
258,HRL,2024030505000583,36,50,50.00,619.00,"30,950.00",2024-03-05
259,HRL,2024030505000584,1,45,10.00,619.00,"6,190.00",2024-03-05
260,HRL,2024030505000587,53,22,10.00,619.50,"6,195.00",2024-03-05
261,HRL,2024030505000597,33,26,315.00,620.00,"195,300.00",2024-03-05
262,HRL,2024030505000598,33,11,20.00,620.00,"12,400.00",2024-03-05
263,HRL,2024030505000599,33,7,20.00,620.00,"12,400.00",2024-03-05
264,HRL,2024030505000600,33,28,20.00,620.00,"12,400.00",2024-03-05
265,HRL,2024030505000601,33,8,350.00,620.00,"217,000.00",2024-03-05
266,HRL,2024030505000602,33,58,10.00,620.00,"6,200.00",2024-03-05
267,HRL,2024030505000603,33,86,100.00,620.00,"62,000.00",2024-03-05
268,HRL,2024030505000604,33,57,55.00,620.00,"34,100.00",2024-03-05
269,HRL,2024030505000605,33,34,10.00,620.00,"6,200.00",2024-03-05
270,HRL,2024030505000606,33,49,10.00,620.00,"6,200.00",2024-03-05
271,HRL,2024030505000607,33,42,10.00,620.00,"6,200.00",2024-03-05
272,HRL,2024030505000608,33,45,10.00,620.00,"6,200.00",2024-03-05
273,HRL,2024030505000609,33,58,10.00,620.00,"6,200.00",2024-03-05
274,HRL,2024030505000610,33,29,30.00,620.00,"18,600.00",2024-03-05
275,HRL,2024030505000611,33,41,10.00,620.00,"6,200.00",2024-03-05
276,HRL,2024030505000612,33,33,220.00,620.00,"136,400.00",2024-03-05
277,HRL,2024030505000613,33,58,20.00,620.00,"12,400.00",2024-03-05
278,HRL,2024030505000614,33,49,10.00,620.00,"6,200.00",2024-03-05
279,HRL,2024030505000615,33,62,10.00,620.00,"6,200.00",2024-03-05
280,HRL,2024030505000616,33,58,10.00,620.00,"6,200.00",2024-03-05
281,HRL,2024030505000617,33,58,10.00,620.00,"6,200.00",2024-03-05
282,HRL,2024030505000618,33,50,10.00,620.00,"6,200.00",2024-03-05
283,HRL,2024030505000619,33,49,10.00,620.00,"6,200.00",2024-03-05
284,HRL,2024030505000620,33,3,10.00,620.00,"6,200.00",2024-03-05
285,HRL,2024030505000621,33,49,10.00,620.00,"6,200.00",2024-03-05
286,HRL,2024030505000622,33,49,10.00,620.00,"6,200.00",2024-03-05
287,HRL,2024030505000623,33,44,10.00,620.00,"6,200.00",2024-03-05
288,HRL,2024030505000624,33,89,10.00,620.00,"6,200.00",2024-03-05
289,HRL,2024030505000625,33,6,10.00,620.00,"6,200.00",2024-03-05
290,HRL,2024030505000629,33,58,10.00,620.00,"6,200.00",2024-03-05
291,HRL,2024030505000632,33,37,10.00,620.00,"6,200.00",2024-03-05
292,HRL,2024030505000633,39,58,10.00,620.50,"6,205.00",2024-03-05
293,HRL,2024030505000641,39,7,10.00,621.00,"6,210.00",2024-03-05
294,HRL,2024030505000642,39,61,20.00,621.00,"12,420.00",2024-03-05
295,HRL,2024030505000643,90,48,10.00,621.10,"6,211.00",2024-03-05
296,HRL,2024030505000645,53,22,10.00,621.90,"6,219.00",2024-03-05
297,HRL,2024030505000646,53,45,90.00,622.00,"55,980.00",2024-03-05
298,HRL,2024030505000648,90,14,20.00,621.10,"12,422.00",2024-03-05
299,HRL,2024030505000649,90,35,10.00,621.10,"6,211.00",2024-03-05
300,HRL,2024030505000650,54,45,10.00,622.00,"6,220.00",2024-03-05
301,HRL,2024030505000651,54,33,20.00,622.00,"12,440.00",2024-03-05
302,HRL,2024030505000652,54,45,20.00,622.00,"12,440.00",2024-03-05
303,HRL,2024030505000653,56,45,180.00,622.00,"111,960.00",2024-03-05
304,HRL,2024030505000654,56,56,10.00,622.00,"6,220.00",2024-03-05
305,HRL,2024030505000655,56,29,20.00,622.00,"12,440.00",2024-03-05
306,HRL,2024030505000656,56,34,500.00,622.00,"311,000.00",2024-03-05
307,HRL,2024030505000657,56,1,100.00,622.00,"62,200.00",2024-03-05
308,HRL,2024030505000658,56,58,30.00,622.00,"18,660.00",2024-03-05
309,HRL,2024030505000659,56,86,100.00,622.00,"62,200.00",2024-03-05
310,HRL,2024030505000660,56,41,10.00,622.00,"6,220.00",2024-03-05
311,HRL,2024030505000661,56,58,20.00,622.00,"12,440.00",2024-03-05
312,HRL,2024030505000664,56,38,10.00,622.00,"6,220.00",2024-03-05
313,HRL,2024030505000666,56,34,10.00,622.00,"6,220.00",2024-03-05
314,HRL,2024030505000667,56,59,10.00,622.00,"6,220.00",2024-03-05
315,HRL,2024030505000668,39,59,40.00,622.00,"24,880.00",2024-03-05
316,HRL,2024030505000669,35,59,100.00,623.00,"62,300.00",2024-03-05
317,HRL,2024030505000670,35,58,10.00,623.00,"6,230.00",2024-03-05
318,HRL,2024030505000671,35,6,10.00,623.00,"6,230.00",2024-03-05
319,HRL,2024030505000672,35,5,10.00,623.00,"6,230.00",2024-03-05
320,HRL,2024030505000673,35,11,20.00,623.00,"12,460.00",2024-03-05
321,HRL,2024030505000674,35,32,50.00,623.00,"31,150.00",2024-03-05
322,HRL,2024030505000675,35,32,50.00,623.00,"31,150.00",2024-03-05
323,HRL,2024030505000676,35,38,20.00,623.00,"12,460.00",2024-03-05
324,HRL,2024030505000677,35,49,30.00,623.00,"18,690.00",2024-03-05
325,HRL,2024030505000678,39,49,20.00,622.00,"12,440.00",2024-03-05
326,HRL,2024030505000679,40,49,50.00,622.00,"31,100.00",2024-03-05
327,HRL,2024030505000680,40,34,10.00,622.00,"6,220.00",2024-03-05
328,HRL,2024030505000682,40,38,10.00,622.00,"6,220.00",2024-03-05
329,HRL,2024030505000683,56,58,10.00,623.30,"6,233.00",2024-03-05
330,HRL,2024030505000684,56,58,10.00,623.30,"6,233.00",2024-03-05
331,HRL,2024030505000685,56,43,30.00,624.00,"18,720.00",2024-03-05
332,HRL,2024030505000686,56,26,450.00,624.00,"280,800.00",2024-03-05
333,HRL,2024030505000687,40,58,10.00,622.00,"6,220.00",2024-03-05
334,HRL,2024030505000691,58,26,50.00,624.00,"31,200.00",2024-03-05
335,HRL,2024030505000692,58,55,200.00,624.00,"124,800.00",2024-03-05
336,HRL,2024030505000695,19,49,30.00,623.00,"18,690.00",2024-03-05
337,HRL,2024030505000696,19,33,20.00,623.00,"12,460.00",2024-03-05
338,HRL,2024030505000697,19,35,20.00,623.00,"12,460.00",2024-03-05
339,HRL,2024030505000703,14,55,350.00,624.00,"218,400.00",2024-03-05
340,HRL,2024030505000704,19,14,70.00,623.00,"43,610.00",2024-03-05
341,HRL,2024030505000706,19,57,10.00,623.00,"6,230.00",2024-03-05
342,HRL,2024030505000713,32,55,100.00,624.00,"62,400.00",2024-03-05
343,HRL,2024030505000714,44,55,350.00,624.00,"218,400.00",2024-03-05
344,HRL,2024030505000719,50,58,10.00,624.00,"6,240.00",2024-03-05
345,HRL,2024030505000720,50,58,10.00,624.00,"6,240.00",2024-03-05
346,HRL,2024030505000721,43,42,10.00,624.20,"6,242.00",2024-03-05
347,HRL,2024030505000722,43,3,10.00,624.20,"6,242.00",2024-03-05
348,HRL,2024030505000723,43,35,10.00,625.00,"6,250.00",2024-03-05
349,HRL,2024030505000724,43,58,20.00,625.00,"12,500.00",2024-03-05
350,HRL,2024030505000725,43,56,20.00,625.00,"12,500.00",2024-03-05
351,HRL,2024030505000726,43,71,100.00,625.00,"62,500.00",2024-03-05
352,HRL,2024030505000727,43,57,170.00,625.00,"106,250.00",2024-03-05
353,HRL,2024030505000728,43,45,10.00,625.00,"6,250.00",2024-03-05
354,HRL,2024030505000729,43,43,200.00,625.00,"125,000.00",2024-03-05
355,HRL,2024030505000730,43,51,20.00,625.00,"12,500.00",2024-03-05
356,HRL,2024030505000731,43,45,10.00,625.00,"6,250.00",2024-03-05
357,HRL,2024030505000732,43,57,10.00,625.00,"6,250.00",2024-03-05
358,HRL,2024030505000737,43,33,10.00,625.00,"6,250.00",2024-03-05
359,HRL,2024030505000739,43,21,20.00,625.00,"12,500.00",2024-03-05
360,HRL,2024030505000740,43,59,40.00,625.00,"25,000.00",2024-03-05
361,HRL,2024030505000741,50,38,10.00,626.00,"6,260.00",2024-03-05
362,HRL,2024030505000744,53,6,90.00,626.20,"56,358.00",2024-03-05
363,HRL,2024030505000745,53,14,10.00,626.20,"6,262.00",2024-03-05
364,HRL,2024030505000752,50,35,20.00,626.00,"12,520.00",2024-03-05
365,HRL,2024030505000756,50,4,10.00,626.00,"6,260.00",2024-03-05
366,HRL,2024030505000757,50,34,40.00,626.00,"25,040.00",2024-03-05
367,HRL,2024030505000759,17,8,20.00,626.70,"12,534.00",2024-03-05
368,HRL,2024030505000760,17,55,21.00,626.70,"13,160.70",2024-03-05
369,HRL,2024030505000761,50,57,20.00,626.00,"12,520.00",2024-03-05
370,HRL,2024030505000762,57,55,979.00,626.70,"613,539.30",2024-03-05
371,HRL,2024030505000764,57,62,21.00,626.70,"13,160.70",2024-03-05
372,HRL,2024030505000765,32,62,19.00,626.70,"11,907.30",2024-03-05
373,HRL,2024030505000766,32,43,181.00,626.70,"113,432.70",2024-03-05
374,HRL,2024030505000767,50,43,60.00,626.00,"37,560.00",2024-03-05
375,HRL,2024030505000768,40,43,20.00,626.00,"12,520.00",2024-03-05
376,HRL,2024030505000769,45,43,39.00,626.00,"24,414.00",2024-03-05
377,HRL,2024030505000770,45,86,61.00,626.00,"38,186.00",2024-03-05
378,HRL,2024030505000776,44,86,439.00,626.00,"274,814.00",2024-03-05
379,HRL,2024030505000777,44,45,61.00,626.00,"38,186.00",2024-03-05
380,HRL,2024030505000784,35,45,10.00,626.00,"6,260.00",2024-03-05
381,HRL,2024030505000785,57,45,30.00,626.00,"18,780.00",2024-03-05
382,HRL,2024030505000789,34,45,450.00,626.00,"281,700.00",2024-03-05
383,HRL,2024030505000790,34,45,449.00,626.00,"281,074.00",2024-03-05
384,HRL,2024030505000791,34,59,10.00,626.00,"6,260.00",2024-03-05
385,HRL,2024030505000796,34,4,50.00,626.00,"31,300.00",2024-03-05
386,HRL,2024030505000797,34,49,10.00,626.00,"6,260.00",2024-03-05
387,HRL,2024030505000806,45,28,10.00,626.10,"6,261.00",2024-03-05
388,HRL,2024030505000810,45,58,10.00,626.10,"6,261.00",2024-03-05
389,HRL,2024030505000818,35,88,10.00,627.00,"6,270.00",2024-03-05
390,HRL,2024030505000819,35,55,60.00,627.00,"37,620.00",2024-03-05
391,HRL,2024030505000821,35,55,20.00,627.00,"12,540.00",2024-03-05
392,HRL,2024030505000823,35,41,10.00,627.00,"6,270.00",2024-03-05
393,HRL,2024030505000824,13,41,20.00,627.00,"12,540.00",2024-03-05
394,HRL,2024030505000826,13,52,20.00,627.00,"12,540.00",2024-03-05
395,HRL,2024030505000829,13,7,10.00,627.00,"6,270.00",2024-03-05
396,HRL,2024030505000830,36,43,20.00,627.00,"12,540.00",2024-03-05
397,HRL,2024030505000831,36,47,10.00,627.00,"6,270.00",2024-03-05
398,HRL,2024030505000833,36,32,10.00,627.00,"6,270.00",2024-03-05
399,HRL,2024030505000834,36,58,10.00,627.00,"6,270.00",2024-03-05
400,HRL,2024030505000836,36,43,100.00,627.00,"62,700.00",2024-03-05
401,HRL,2024030505000837,57,43,30.00,627.00,"18,810.00",2024-03-05
402,HRL,2024030505000838,59,43,70.00,627.00,"43,890.00",2024-03-05
403,HRL,2024030505000839,59,57,20.00,627.00,"12,540.00",2024-03-05
404,HRL,2024030505000840,59,38,10.00,627.00,"6,270.00",2024-03-05
405,HRL,2024030505000844,52,21,300.00,627.40,"188,220.00",2024-03-05
406,HRL,2024030505000845,52,32,10.00,628.00,"6,280.00",2024-03-05
407,HRL,2024030505000846,45,45,10.00,627.00,"6,270.00",2024-03-05
408,HRL,2024030505000847,17,45,10.00,627.00,"6,270.00",2024-03-05
409,HRL,2024030505000849,26,55,10.00,627.40,"6,274.00",2024-03-05
410,HRL,2024030505000852,46,32,100.00,628.00,"62,800.00",2024-03-05
411,HRL,2024030505000853,74,32,90.00,628.00,"56,520.00",2024-03-05
412,HRL,2024030505000854,74,55,10.00,628.00,"6,280.00",2024-03-05
413,HRL,2024030505000855,26,58,10.00,627.40,"6,274.00",2024-03-05
414,HRL,2024030505000857,45,55,10.00,628.00,"6,280.00",2024-03-05
415,HRL,2024030505000861,4,45,10.00,628.00,"6,280.00",2024-03-05
416,HRL,2024030505000862,4,49,40.00,628.00,"25,120.00",2024-03-05
417,HRL,2024030505000865,4,35,30.00,628.00,"18,840.00",2024-03-05
418,HRL,2024030505000868,45,10,30.00,629.00,"18,870.00",2024-03-05
419,HRL,2024030505000869,53,10,100.00,629.00,"62,900.00",2024-03-05
420,HRL,2024030505000870,57,10,210.00,629.00,"132,090.00",2024-03-05
421,HRL,2024030505000871,57,46,10.00,629.00,"6,290.00",2024-03-05
422,HRL,2024030505000872,57,50,30.00,629.00,"18,870.00",2024-03-05
423,HRL,2024030505000873,4,28,20.00,628.00,"12,560.00",2024-03-05
424,HRL,2024030505000874,19,28,100.00,628.00,"62,800.00",2024-03-05
425,HRL,2024030505000875,41,28,100.00,628.00,"62,800.00",2024-03-05
426,HRL,2024030505000876,1,28,300.00,628.00,"188,400.00",2024-03-05
427,HRL,2024030505000877,80,28,100.00,628.00,"62,800.00",2024-03-05
428,HRL,2024030505000878,48,28,22.00,628.00,"13,816.00",2024-03-05
429,HRL,2024030505000879,26,28,280.00,627.40,"175,672.00",2024-03-05
430,HRL,2024030505000880,58,28,20.00,627.40,"12,548.00",2024-03-05
431,HRL,2024030505000881,26,28,100.00,627.10,"62,710.00",2024-03-05
432,HRL,2024030505000882,17,28,90.00,627.00,"56,430.00",2024-03-05
433,HRL,2024030505000883,55,28,500.00,627.00,"313,500.00",2024-03-05
434,HRL,2024030505000884,42,28,368.00,627.00,"230,736.00",2024-03-05
435,HRL,2024030505000900,45,50,70.00,629.00,"44,030.00",2024-03-05
436,HRL,2024030505000901,45,58,10.00,629.00,"6,290.00",2024-03-05
437,HRL,2024030505000907,42,37,10.00,627.50,"6,275.00",2024-03-05
438,HRL,2024030505000908,35,56,50.00,628.00,"31,400.00",2024-03-05
439,HRL,2024030505000909,22,25,10.00,628.90,"6,289.00",2024-03-05
440,HRL,2024030505000915,35,14,10.00,628.00,"6,280.00",2024-03-05
441,HRL,2024030505000925,35,45,10.00,628.00,"6,280.00",2024-03-05
442,HRL,2024030505000930,35,29,20.00,628.00,"12,560.00",2024-03-05
443,HRL,2024030505000931,50,38,10.00,628.00,"6,280.00",2024-03-05
444,HRL,2024030505000932,50,42,10.00,628.00,"6,280.00",2024-03-05
445,HRL,2024030505000941,13,25,90.00,628.90,"56,601.00",2024-03-05
446,HRL,2024030505000942,13,58,10.00,629.00,"6,290.00",2024-03-05
447,HRL,2024030505000946,50,56,200.00,628.00,"125,600.00",2024-03-05
448,HRL,2024030505000948,50,48,10.00,628.00,"6,280.00",2024-03-05
449,HRL,2024030505000949,50,77,10.00,628.00,"6,280.00",2024-03-05
450,HRL,2024030505000952,50,7,10.00,628.00,"6,280.00",2024-03-05
451,HRL,2024030505000953,50,14,50.00,628.00,"31,400.00",2024-03-05
452,HRL,2024030505000954,43,13,10.00,628.90,"6,289.00",2024-03-05
453,HRL,2024030505000955,43,58,10.00,629.00,"6,290.00",2024-03-05
454,HRL,2024030505000957,21,58,10.00,628.00,"6,280.00",2024-03-05
455,HRL,2024030505000959,28,43,200.00,629.00,"125,800.00",2024-03-05
456,HRL,2024030505000960,28,28,20.00,629.00,"12,580.00",2024-03-05
457,HRL,2024030505000961,28,45,10.00,629.00,"6,290.00",2024-03-05
458,HRL,2024030505000962,28,51,70.00,629.00,"44,030.00",2024-03-05
459,HRL,2024030505000963,45,51,10.00,629.00,"6,290.00",2024-03-05
460,HRL,2024030505000964,26,51,20.00,629.00,"12,580.00",2024-03-05
461,HRL,2024030505000965,44,38,10.00,629.30,"6,293.00",2024-03-05
462,HRL,2024030505000966,44,58,10.00,629.30,"6,293.00",2024-03-05
463,HRL,2024030505000967,44,56,480.00,629.50,"302,160.00",2024-03-05
464,HRL,2024030505000971,26,36,20.00,629.00,"12,580.00",2024-03-05
465,HRL,2024030505000973,48,58,10.00,629.30,"6,293.00",2024-03-05
466,HRL,2024030505000974,48,58,30.00,629.30,"18,879.00",2024-03-05
467,HRL,2024030505000975,57,56,10.00,629.50,"6,295.00",2024-03-05
468,HRL,2024030505000978,59,56,510.00,629.50,"321,045.00",2024-03-05
469,HRL,2024030505000979,59,41,22.00,629.60,"13,851.20",2024-03-05
470,HRL,2024030505000980,59,34,450.00,630.00,"283,500.00",2024-03-05
471,HRL,2024030505000981,59,29,18.00,630.00,"11,340.00",2024-03-05
472,HRL,2024030505000990,35,58,10.00,629.50,"6,295.00",2024-03-05
473,HRL,2024030505000994,80,29,82.00,630.00,"51,660.00",2024-03-05
474,HRL,2024030505000995,80,58,10.00,630.00,"6,300.00",2024-03-05
475,HRL,2024030505001000,13,34,10.00,630.00,"6,300.00",2024-03-05
476,HRL,2024030505001001,13,53,20.00,630.00,"12,600.00",2024-03-05
477,HRL,2024030505001002,35,37,10.00,629.50,"6,295.00",2024-03-05
478,HRL,2024030505001003,5,53,100.00,630.00,"63,000.00",2024-03-05
479,HRL,2024030505001004,35,56,200.00,629.50,"125,900.00",2024-03-05
480,HRL,2024030505001005,3,56,10.00,629.40,"6,294.00",2024-03-05
481,HRL,2024030505001006,48,56,10.00,629.30,"6,293.00",2024-03-05
482,HRL,2024030505001007,26,56,60.00,629.00,"37,740.00",2024-03-05
483,HRL,2024030505001008,44,56,500.00,629.00,"314,500.00",2024-03-05
484,HRL,2024030505001009,39,56,30.00,629.00,"18,870.00",2024-03-05
485,HRL,2024030505001010,53,53,100.00,630.00,"63,000.00",2024-03-05
486,HRL,2024030505001017,49,53,100.00,630.00,"63,000.00",2024-03-05
487,HRL,2024030505001018,51,53,90.00,630.00,"56,700.00",2024-03-05
488,HRL,2024030505001022,4,53,50.00,630.00,"31,500.00",2024-03-05
489,HRL,2024030505001025,41,53,540.00,630.00,"340,200.00",2024-03-05
490,HRL,2024030505001026,41,3,"1,000.00",630.00,"630,000.00",2024-03-05
491,HRL,2024030505001027,41,35,10.00,630.00,"6,300.00",2024-03-05
492,HRL,2024030505001028,41,45,10.00,630.00,"6,300.00",2024-03-05
493,HRL,2024030505001029,41,4,10.00,630.00,"6,300.00",2024-03-05
494,HRL,2024030505001030,41,50,100.00,630.00,"63,000.00",2024-03-05
495,HRL,2024030505001031,41,14,20.00,630.00,"12,600.00",2024-03-05
496,HRL,2024030505001032,41,45,10.00,630.00,"6,300.00",2024-03-05
497,HRL,2024030505001033,41,35,20.00,630.00,"12,600.00",2024-03-05
498,HRL,2024030505001034,41,44,10.00,630.00,"6,300.00",2024-03-05
499,HRL,2024030505001035,41,49,20.00,630.00,"12,600.00",2024-03-05
500,HRL,2024030505001036,41,45,30.00,630.00,"18,900.00",2024-03-05
501,HRL,2024030505001037,41,55,720.00,630.00,"453,600.00",2024-03-05
502,HRL,2024030505001038,58,55,10.00,630.00,"6,300.00",2024-03-05
503,HRL,2024030505001039,29,55,150.00,630.00,"94,500.00",2024-03-05
504,HRL,2024030505001040,5,55,50.00,630.00,"31,500.00",2024-03-05
505,HRL,2024030505001045,39,34,70.00,629.00,"44,030.00",2024-03-05
506,HRL,2024030505001046,42,34,28.00,629.00,"17,612.00",2024-03-05
507,HRL,2024030505001047,49,55,70.00,630.00,"44,100.00",2024-03-05
508,HRL,2024030505001048,35,39,50.00,630.00,"31,500.00",2024-03-05
509,HRL,2024030505001049,35,43,150.00,630.00,"94,500.00",2024-03-05
510,HRL,2024030505001051,42,59,90.00,629.00,"56,610.00",2024-03-05
511,HRL,2024030505001056,42,43,10.00,629.50,"6,295.00",2024-03-05
512,HRL,2024030505001057,42,55,125.00,629.90,"78,737.50",2024-03-05
513,HRL,2024030505001058,42,43,58.00,630.00,"36,540.00",2024-03-05
514,HRL,2024030505001059,42,49,10.00,630.00,"6,300.00",2024-03-05
515,HRL,2024030505001060,42,58,10.00,630.00,"6,300.00",2024-03-05
516,HRL,2024030505001061,42,11,40.00,630.00,"25,200.00",2024-03-05
517,HRL,2024030505001062,49,58,10.00,630.00,"6,300.00",2024-03-05
518,HRL,2024030505001063,49,16,90.00,630.00,"56,700.00",2024-03-05
519,HRL,2024030505001065,5,35,10.00,629.50,"6,295.00",2024-03-05
520,HRL,2024030505001066,42,35,10.00,629.00,"6,290.00",2024-03-05
521,HRL,2024030505001067,59,16,10.00,630.00,"6,300.00",2024-03-05
522,HRL,2024030505001068,59,34,10.00,630.00,"6,300.00",2024-03-05
523,HRL,2024030505001069,59,19,10.00,630.00,"6,300.00",2024-03-05
524,HRL,2024030505001070,59,57,10.00,630.00,"6,300.00",2024-03-05
525,HRL,2024030505001071,59,32,10.00,630.00,"6,300.00",2024-03-05
526,HRL,2024030505001072,59,47,10.00,630.00,"6,300.00",2024-03-05
527,HRL,2024030505001073,59,38,20.00,630.00,"12,600.00",2024-03-05
528,HRL,2024030505001076,59,54,10.00,630.00,"6,300.00",2024-03-05
529,HRL,2024030505001088,59,39,10.00,630.00,"6,300.00",2024-03-05
530,HRL,2024030505001089,41,58,10.00,630.00,"6,300.00",2024-03-05
531,HRL,2024030505001096,41,49,10.00,630.00,"6,300.00",2024-03-05
532,HRL,2024030505001097,4,89,10.00,630.20,"6,302.00",2024-03-05
533,HRL,2024030505001098,4,34,10.00,630.30,"6,303.00",2024-03-05
534,HRL,2024030505001099,4,32,10.00,630.30,"6,303.00",2024-03-05
535,HRL,2024030505001100,4,58,10.00,630.30,"6,303.00",2024-03-05
536,HRL,2024030505001101,4,58,20.00,630.90,"12,618.00",2024-03-05
537,HRL,2024030505001102,4,34,10.00,631.00,"6,310.00",2024-03-05
538,HRL,2024030505001103,4,49,10.00,631.00,"6,310.00",2024-03-05
539,HRL,2024030505001104,4,5,10.00,631.00,"6,310.00",2024-03-05
540,HRL,2024030505001105,4,55,410.00,631.00,"258,710.00",2024-03-05
541,HRL,2024030505001106,41,45,10.00,630.00,"6,300.00",2024-03-05
542,HRL,2024030505001107,41,41,30.00,630.00,"18,900.00",2024-03-05
543,HRL,2024030505001110,48,38,20.00,630.90,"12,618.00",2024-03-05
544,HRL,2024030505001116,48,52,80.00,630.90,"50,472.00",2024-03-05
545,HRL,2024030505001117,28,52,20.00,630.50,"12,610.00",2024-03-05
546,HRL,2024030505001138,38,51,20.00,630.90,"12,618.00",2024-03-05
547,HRL,2024030505001139,38,55,480.00,631.00,"302,880.00",2024-03-05
548,HRL,2024030505001141,57,56,100.00,630.60,"63,060.00",2024-03-05
549,HRL,2024030505001142,28,56,180.00,630.50,"113,490.00",2024-03-05
550,HRL,2024030505001143,6,56,12.00,630.10,"7,561.20",2024-03-05
551,HRL,2024030505001150,5,55,20.00,631.00,"12,620.00",2024-03-05
552,HRL,2024030505001151,46,22,20.00,630.90,"12,618.00",2024-03-05
553,HRL,2024030505001152,6,39,50.00,630.10,"31,505.00",2024-03-05
554,HRL,2024030505001168,16,22,30.00,630.50,"18,915.00",2024-03-05
555,HRL,2024030505001169,16,38,10.00,630.50,"6,305.00",2024-03-05
556,HRL,2024030505001170,17,55,90.00,631.00,"56,790.00",2024-03-05
557,HRL,2024030505001171,17,53,50.00,631.00,"31,550.00",2024-03-05
558,HRL,2024030505001172,17,49,10.00,631.00,"6,310.00",2024-03-05
559,HRL,2024030505001173,17,74,350.00,631.00,"220,850.00",2024-03-05
560,HRL,2024030505001181,49,74,50.00,631.00,"31,550.00",2024-03-05
561,HRL,2024030505001182,33,28,10.00,630.20,"6,302.00",2024-03-05
562,HRL,2024030505001183,18,74,100.00,631.00,"63,100.00",2024-03-05
563,HRL,2024030505001186,33,7,10.00,630.20,"6,302.00",2024-03-05
564,HRL,2024030505001189,4,13,10.00,631.00,"6,310.00",2024-03-05
565,HRL,2024030505001190,4,45,20.00,631.00,"12,620.00",2024-03-05
566,HRL,2024030505001196,55,19,10.00,631.30,"6,313.00",2024-03-05
567,HRL,2024030505001197,55,45,100.00,631.90,"63,190.00",2024-03-05
568,HRL,2024030505001198,55,42,200.00,631.90,"126,380.00",2024-03-05
569,HRL,2024030505001199,55,51,10.00,632.00,"6,320.00",2024-03-05
570,HRL,2024030505001200,55,7,10.00,632.00,"6,320.00",2024-03-05
571,HRL,2024030505001201,55,41,10.00,632.00,"6,320.00",2024-03-05
572,HRL,2024030505001202,55,4,40.00,632.00,"25,280.00",2024-03-05
573,HRL,2024030505001203,55,57,10.00,632.00,"6,320.00",2024-03-05
574,HRL,2024030505001204,55,53,35.00,632.00,"22,120.00",2024-03-05
575,HRL,2024030505001205,4,38,10.00,631.00,"6,310.00",2024-03-05
576,HRL,2024030505001206,4,19,260.00,631.00,"164,060.00",2024-03-05
577,HRL,2024030505001207,45,19,50.00,631.00,"31,550.00",2024-03-05
578,HRL,2024030505001209,33,58,10.00,630.20,"6,302.00",2024-03-05
579,HRL,2024030505001215,33,34,300.00,630.20,"189,060.00",2024-03-05
580,HRL,2024030505001219,33,22,170.00,630.20,"107,134.00",2024-03-05
581,HRL,2024030505001220,6,22,188.00,630.10,"118,458.80",2024-03-05
582,HRL,2024030505001221,41,22,90.00,630.00,"56,700.00",2024-03-05
583,HRL,2024030505001222,32,22,50.00,630.00,"31,500.00",2024-03-05
584,HRL,2024030505001223,42,22,2.00,630.00,"1,260.00",2024-03-05
585,HRL,2024030505001224,44,19,90.00,631.00,"56,790.00",2024-03-05
586,HRL,2024030505001225,44,32,10.00,631.00,"6,310.00",2024-03-05
587,HRL,2024030505001226,42,32,10.00,631.00,"6,310.00",2024-03-05
588,HRL,2024030505001227,42,58,30.00,631.00,"18,930.00",2024-03-05
589,HRL,2024030505001230,58,58,50.00,631.00,"31,550.00",2024-03-05
590,HRL,2024030505001241,5,8,150.00,630.00,"94,500.00",2024-03-05
591,HRL,2024030505001242,22,8,70.00,630.00,"44,100.00",2024-03-05
592,HRL,2024030505001243,48,8,20.00,630.00,"12,600.00",2024-03-05
593,HRL,2024030505001244,85,8,100.00,630.00,"63,000.00",2024-03-05
594,HRL,2024030505001245,49,8,30.00,630.00,"18,900.00",2024-03-05
595,HRL,2024030505001246,7,8,50.00,630.00,"31,500.00",2024-03-05
596,HRL,2024030505001247,42,8,80.00,630.00,"50,400.00",2024-03-05
597,HRL,2024030505001248,42,6,420.00,630.00,"264,600.00",2024-03-05
598,HRL,2024030505001249,6,6,100.00,630.00,"63,000.00",2024-03-05
599,HRL,2024030505001250,58,6,70.00,630.00,"44,100.00",2024-03-05
600,HRL,2024030505001251,42,43,50.00,629.00,"31,450.00",2024-03-05
601,HRL,2024030505001259,45,76,25.00,629.00,"15,725.00",2024-03-05
602,HRL,2024030505001260,45,6,229.00,630.00,"144,270.00",2024-03-05
603,HRL,2024030505001261,45,57,30.00,630.00,"18,900.00",2024-03-05
604,HRL,2024030505001262,45,42,100.00,630.00,"63,000.00",2024-03-05
605,HRL,2024030505001263,45,58,16.00,630.00,"10,080.00",2024-03-05
606,HRL,2024030505001266,48,17,400.00,628.20,"251,280.00",2024-03-05
607,HRL,2024030505001271,48,48,60.00,628.20,"37,692.00",2024-03-05
608,HRL,2024030505001272,48,48,50.00,628.00,"31,400.00",2024-03-05
609,HRL,2024030505001273,36,48,50.00,628.00,"31,400.00",2024-03-05
610,HRL,2024030505001274,16,48,100.00,628.00,"62,800.00",2024-03-05
611,HRL,2024030505001275,34,48,202.00,628.00,"126,856.00",2024-03-05
612,HRL,2024030505001281,34,56,10.00,628.00,"6,280.00",2024-03-05
613,HRL,2024030505001284,34,41,145.00,628.00,"91,060.00",2024-03-05
614,HRL,2024030505001288,49,32,13.00,629.00,"8,177.00",2024-03-05
615,HRL,2024030505001289,34,32,143.00,628.00,"89,804.00",2024-03-05
616,HRL,2024030505001290,57,32,100.00,628.00,"62,800.00",2024-03-05
617,HRL,2024030505001291,4,32,18.00,628.00,"11,304.00",2024-03-05
618,HRL,2024030505001292,4,32,726.00,628.00,"455,928.00",2024-03-05
619,HRL,2024030505001293,4,67,500.00,628.00,"314,000.00",2024-03-05
620,HRL,2024030505001294,4,38,100.00,628.00,"62,800.00",2024-03-05
621,HRL,2024030505001295,4,34,10.00,628.00,"6,280.00",2024-03-05
622,HRL,2024030505001305,81,58,10.00,629.00,"6,290.00",2024-03-05
623,HRL,2024030505001306,4,14,164.00,628.00,"102,992.00",2024-03-05
624,HRL,2024030505001307,42,49,10.00,627.50,"6,275.00",2024-03-05
625,HRL,2024030505001315,14,14,15.00,628.00,"9,420.00",2024-03-05
626,HRL,2024030505001321,42,59,180.00,627.50,"112,950.00",2024-03-05
627,HRL,2024030505001322,42,59,20.00,627.00,"12,540.00",2024-03-05
628,HRL,2024030505001323,42,81,51.00,627.00,"31,977.00",2024-03-05
629,HRL,2024030505001324,13,14,10.00,628.00,"6,280.00",2024-03-05
630,HRL,2024030505001325,42,13,500.00,627.00,"313,500.00",2024-03-05
631,HRL,2024030505001330,42,3,61.00,627.00,"38,247.00",2024-03-05
632,HRL,2024030505001334,22,38,50.00,626.00,"31,300.00",2024-03-05
633,HRL,2024030505001335,48,38,50.00,625.10,"31,255.00",2024-03-05
634,HRL,2024030505001336,43,38,340.00,625.00,"212,500.00",2024-03-05
635,HRL,2024030505001337,58,38,230.00,625.00,"143,750.00",2024-03-05
636,HRL,2024030505001338,25,38,30.00,625.00,"18,750.00",2024-03-05
637,HRL,2024030505001339,25,26,200.00,625.00,"125,000.00",2024-03-05
638,HRL,2024030505001340,44,8,20.00,626.90,"12,538.00",2024-03-05
639,HRL,2024030505001341,44,3,80.00,627.00,"50,160.00",2024-03-05
640,HRL,2024030505001343,25,62,270.00,625.00,"168,750.00",2024-03-05
641,HRL,2024030505001344,22,62,30.00,625.00,"18,750.00",2024-03-05
642,HRL,2024030505001346,22,43,20.00,625.00,"12,500.00",2024-03-05
643,HRL,2024030505001347,41,43,50.00,625.00,"31,250.00",2024-03-05
644,HRL,2024030505001348,36,43,30.00,625.00,"18,750.00",2024-03-05
645,HRL,2024030505001349,58,3,30.00,627.00,"18,810.00",2024-03-05
646,HRL,2024030505001350,36,48,20.00,625.00,"12,500.00",2024-03-05
647,HRL,2024030505001351,7,48,100.00,625.00,"62,500.00",2024-03-05
648,HRL,2024030505001352,59,48,100.00,625.00,"62,500.00",2024-03-05
649,HRL,2024030505001353,8,48,80.00,625.00,"50,000.00",2024-03-05
650,HRL,2024030505001354,8,14,100.00,625.00,"62,500.00",2024-03-05
651,HRL,2024030505001363,29,3,100.00,627.00,"62,700.00",2024-03-05
652,HRL,2024030505001367,8,52,10.00,625.00,"6,250.00",2024-03-05
653,HRL,2024030505001368,8,17,200.00,625.00,"125,000.00",2024-03-05
654,HRL,2024030505001369,8,49,20.00,625.00,"12,500.00",2024-03-05
655,HRL,2024030505001370,8,16,10.00,625.00,"6,250.00",2024-03-05
656,HRL,2024030505001371,8,13,500.00,625.00,"312,500.00",2024-03-05
657,HRL,2024030505001372,8,35,300.00,625.00,"187,500.00",2024-03-05
658,HRL,2024030505001373,8,48,300.00,625.00,"187,500.00",2024-03-05
659,HRL,2024030505001379,8,36,200.00,625.00,"125,000.00",2024-03-05
660,HRL,2024030505001380,26,3,100.00,627.00,"62,700.00",2024-03-05
661,HRL,2024030505001381,8,14,100.00,625.00,"62,500.00",2024-03-05
662,HRL,2024030505001382,8,80,180.00,625.00,"112,500.00",2024-03-05
663,HRL,2024030505001383,57,80,200.00,625.00,"125,000.00",2024-03-05
664,HRL,2024030505001384,58,80,500.00,625.00,"312,500.00",2024-03-05
665,HRL,2024030505001386,39,7,20.00,624.00,"12,480.00",2024-03-05
666,HRL,2024030505001387,39,4,10.00,624.00,"6,240.00",2024-03-05
667,HRL,2024030505001388,39,49,10.00,624.00,"6,240.00",2024-03-05
668,HRL,2024030505001391,40,80,100.00,625.00,"62,500.00",2024-03-05
669,HRL,2024030505001394,39,43,10.00,624.00,"6,240.00",2024-03-05
670,HRL,2024030505001395,21,43,10.00,624.00,"6,240.00",2024-03-05
671,HRL,2024030505001396,21,4,15.00,624.00,"9,360.00",2024-03-05
672,HRL,2024030505001402,19,40,50.00,623.00,"31,150.00",2024-03-05
673,HRL,2024030505001405,19,32,40.00,623.00,"24,920.00",2024-03-05
674,HRL,2024030505001406,33,32,100.00,620.00,"62,000.00",2024-03-05
675,HRL,2024030505001409,4,38,20.00,623.00,"12,460.00",2024-03-05
676,HRL,2024030505001412,33,4,20.00,620.00,"12,400.00",2024-03-05
677,HRL,2024030505001413,33,45,10.00,620.00,"6,200.00",2024-03-05
678,HRL,2024030505001414,33,54,20.00,620.00,"12,400.00",2024-03-05
679,HRL,2024030505001415,33,58,10.00,620.00,"6,200.00",2024-03-05
680,HRL,2024030505001416,33,45,10.00,620.00,"6,200.00",2024-03-05
681,HRL,2024030505001418,33,34,10.00,620.00,"6,200.00",2024-03-05
682,HRL,2024030505001419,33,52,10.00,620.00,"6,200.00",2024-03-05
683,HRL,2024030505001420,33,10,450.00,620.00,"279,000.00",2024-03-05
684,HRL,2024030505001421,36,10,25.00,620.00,"15,500.00",2024-03-05
685,HRL,2024030505001422,57,10,200.00,620.00,"124,000.00",2024-03-05
686,HRL,2024030505001423,19,10,20.00,620.00,"12,400.00",2024-03-05
687,HRL,2024030505001424,66,10,305.00,620.00,"189,100.00",2024-03-05
688,HRL,2024030505001426,66,14,11.00,620.00,"6,820.00",2024-03-05
689,HRL,2024030505001427,66,4,10.00,620.00,"6,200.00",2024-03-05
690,HRL,2024030505001428,66,19,174.00,620.00,"107,880.00",2024-03-05
691,HRL,2024030505001429,21,19,15.00,620.00,"9,300.00",2024-03-05
692,HRL,2024030505001430,42,19,11.00,620.00,"6,820.00",2024-03-05
693,HRL,2024030505001431,1,44,15.00,620.00,"9,300.00",2024-03-05
694,HRL,2024030505001432,39,44,100.00,620.00,"62,000.00",2024-03-05
695,HRL,2024030505001433,14,44,10.00,620.00,"6,200.00",2024-03-05
696,HRL,2024030505001434,1,45,40.00,619.00,"24,760.00",2024-03-05
697,HRL,2024030505001435,58,45,80.00,619.00,"49,520.00",2024-03-05
698,HRL,2024030505001436,25,45,100.00,618.50,"61,850.00",2024-03-05
699,HRL,2024030505001437,35,45,220.00,618.00,"135,960.00",2024-03-05
700,HRL,2024030505001438,1,45,50.00,618.00,"30,900.00",2024-03-05
701,HRL,2024030505001439,60,45,15.00,618.00,"9,270.00",2024-03-05
702,HRL,2024030505001440,35,45,20.00,618.00,"12,360.00",2024-03-05
703,HRL,2024030505001441,26,45,100.00,618.00,"61,800.00",2024-03-05
704,HRL,2024030505001442,36,45,100.00,618.00,"61,800.00",2024-03-05
705,HRL,2024030505001443,41,45,25.00,618.00,"15,450.00",2024-03-05
706,HRL,2024030505001444,25,45,40.00,618.00,"24,720.00",2024-03-05
707,HRL,2024030505001445,1,45,15.00,618.00,"9,270.00",2024-03-05
708,HRL,2024030505001446,13,45,50.00,616.00,"30,800.00",2024-03-05
709,HRL,2024030505001447,58,45,200.00,616.00,"123,200.00",2024-03-05
710,HRL,2024030505001448,37,45,445.00,616.00,"274,120.00",2024-03-05
711,HRL,2024030505001462,37,4,10.00,616.00,"6,160.00",2024-03-05
712,HRL,2024030505001466,37,43,10.00,616.00,"6,160.00",2024-03-05
713,HRL,2024030505001468,57,44,30.00,620.00,"18,600.00",2024-03-05
714,HRL,2024030505001470,37,4,20.00,616.00,"12,320.00",2024-03-05
715,HRL,2024030505001471,37,26,440.00,616.00,"271,040.00",2024-03-05
716,HRL,2024030505001472,57,49,10.00,617.00,"6,170.00",2024-03-05
717,HRL,2024030505001473,57,4,10.00,617.00,"6,170.00",2024-03-05
718,HRL,2024030505001474,57,46,180.00,617.00,"111,060.00",2024-03-05
719,HRL,2024030505001475,37,46,70.00,616.00,"43,120.00",2024-03-05
720,HRL,2024030505001481,7,35,30.00,616.00,"18,480.00",2024-03-05
721,HRL,2024030505001483,21,32,10.00,616.10,"6,161.00",2024-03-05
722,HRL,2024030505001484,38,32,490.00,616.10,"301,889.00",2024-03-05
723,HRL,2024030505001485,38,16,10.00,616.10,"6,161.00",2024-03-05
724,HRL,2024030505001486,7,25,10.00,616.00,"6,160.00",2024-03-05
725,HRL,2024030505001487,7,8,30.00,616.00,"18,480.00",2024-03-05
726,HRL,2024030505001488,7,49,10.00,616.00,"6,160.00",2024-03-05
727,HRL,2024030505001489,7,49,10.00,616.00,"6,160.00",2024-03-05
728,HRL,2024030505001490,7,55,20.00,616.00,"12,320.00",2024-03-05
729,HRL,2024030505001492,45,50,10.00,619.90,"6,199.00",2024-03-05
730,HRL,2024030505001493,45,44,10.00,620.00,"6,200.00",2024-03-05
731,HRL,2024030505001507,26,55,20.00,617.00,"12,340.00",2024-03-05
732,HRL,2024030505001509,58,44,100.00,620.00,"62,000.00",2024-03-05
733,HRL,2024030505001510,26,14,30.00,617.00,"18,510.00",2024-03-05
734,HRL,2024030505001513,11,44,40.00,620.00,"24,800.00",2024-03-05
735,HRL,2024030505001515,57,21,10.00,617.10,"6,171.00",2024-03-05
736,HRL,2024030505001519,57,35,10.00,617.10,"6,171.00",2024-03-05
737,HRL,2024030505001523,58,18,50.00,619.00,"30,950.00",2024-03-05
738,HRL,2024030505001524,58,25,30.00,619.00,"18,570.00",2024-03-05
739,HRL,2024030505001525,58,45,20.00,619.90,"12,398.00",2024-03-05
740,HRL,2024030505001526,16,36,100.00,618.00,"61,800.00",2024-03-05
741,HRL,2024030505001527,22,63,10.00,617.30,"6,173.00",2024-03-05
742,HRL,2024030505001528,22,49,10.00,617.30,"6,173.00",2024-03-05
743,HRL,2024030505001530,5,45,10.00,618.00,"6,180.00",2024-03-05
744,HRL,2024030505001531,45,44,10.00,618.00,"6,180.00",2024-03-05
745,HRL,2024030505001532,48,42,30.00,617.50,"18,525.00",2024-03-05
746,HRL,2024030505001533,22,42,173.00,617.30,"106,792.90",2024-03-05
747,HRL,2024030505001547,51,44,10.00,618.00,"6,180.00",2024-03-05
748,HRL,2024030505001548,51,57,10.00,618.00,"6,180.00",2024-03-05
749,HRL,2024030505001554,13,21,10.00,619.00,"6,190.00",2024-03-05
750,HRL,2024030505001555,51,58,10.00,618.00,"6,180.00",2024-03-05
751,HRL,2024030505001559,39,57,10.00,619.00,"6,190.00",2024-03-05
752,HRL,2024030505001560,39,35,20.00,619.00,"12,380.00",2024-03-05
753,HRL,2024030505001562,25,49,20.00,618.10,"12,362.00",2024-03-05
754,HRL,2024030505001563,6,45,25.00,619.90,"15,497.50",2024-03-05
755,HRL,2024030505001564,6,14,10.00,619.90,"6,199.00",2024-03-05
756,HRL,2024030505001565,6,44,65.00,620.00,"40,300.00",2024-03-05
757,HRL,2024030505001569,19,53,100.00,618.00,"61,800.00",2024-03-05
758,HRL,2024030505001571,26,35,20.00,617.50,"12,350.00",2024-03-05
759,HRL,2024030505001576,48,87,10.00,619.00,"6,190.00",2024-03-05
760,HRL,2024030505001577,48,44,180.00,620.00,"111,600.00",2024-03-05
761,HRL,2024030505001578,48,49,10.00,620.00,"6,200.00",2024-03-05
762,HRL,2024030505001579,48,51,10.00,620.00,"6,200.00",2024-03-05
763,HRL,2024030505001580,48,32,10.00,620.00,"6,200.00",2024-03-05
764,HRL,2024030505001581,48,34,20.00,620.00,"12,400.00",2024-03-05
765,HRL,2024030505001582,48,49,200.00,620.00,"124,000.00",2024-03-05
766,HRL,2024030505001583,48,38,10.00,620.00,"6,200.00",2024-03-05
767,HRL,2024030505001584,48,11,10.00,620.00,"6,200.00",2024-03-05
768,HRL,2024030505001585,48,49,10.00,620.00,"6,200.00",2024-03-05
769,HRL,2024030505001586,48,54,30.00,620.00,"18,600.00",2024-03-05
770,HRL,2024030505001587,25,54,100.00,620.00,"62,000.00",2024-03-05
771,HRL,2024030505001588,25,42,10.00,620.00,"6,200.00",2024-03-05
772,HRL,2024030505001589,25,43,10.00,620.00,"6,200.00",2024-03-05
773,HRL,2024030505001590,25,57,10.00,620.00,"6,200.00",2024-03-05
774,HRL,2024030505001591,25,39,10.00,620.00,"6,200.00",2024-03-05
775,HRL,2024030505001592,25,6,10.00,620.00,"6,200.00",2024-03-05
776,HRL,2024030505001593,25,58,10.00,620.00,"6,200.00",2024-03-05
777,HRL,2024030505001596,25,49,10.00,620.00,"6,200.00",2024-03-05
778,HRL,2024030505001597,25,36,10.00,620.00,"6,200.00",2024-03-05
779,HRL,2024030505001598,25,57,10.00,620.00,"6,200.00",2024-03-05
780,HRL,2024030505001599,25,49,10.00,620.00,"6,200.00",2024-03-05
781,HRL,2024030505001602,25,49,10.00,620.00,"6,200.00",2024-03-05
782,HRL,2024030505001603,25,22,10.00,620.00,"6,200.00",2024-03-05
783,HRL,2024030505001604,25,58,10.00,620.00,"6,200.00",2024-03-05
784,HRL,2024030505001605,25,58,10.00,620.00,"6,200.00",2024-03-05
785,HRL,2024030505001606,25,35,10.00,620.00,"6,200.00",2024-03-05
786,HRL,2024030505001608,25,45,10.00,620.00,"6,200.00",2024-03-05
787,HRL,2024030505001609,25,8,10.00,620.00,"6,200.00",2024-03-05
788,HRL,2024030505001610,25,6,250.00,620.00,"155,000.00",2024-03-05
789,HRL,2024030505001611,25,42,10.00,620.00,"6,200.00",2024-03-05
790,HRL,2024030505001612,25,3,30.00,620.00,"18,600.00",2024-03-05
791,HRL,2024030505001614,25,49,10.00,620.00,"6,200.00",2024-03-05
792,HRL,2024030505001619,18,58,100.00,622.00,"62,200.00",2024-03-05
793,HRL,2024030505001622,18,58,10.00,622.00,"6,220.00",2024-03-05
794,HRL,2024030505001625,18,55,20.00,622.00,"12,440.00",2024-03-05
795,HRL,2024030505001626,18,25,20.00,622.00,"12,440.00",2024-03-05
796,HRL,2024030505001630,18,45,10.00,622.00,"6,220.00",2024-03-05
797,HRL,2024030505001634,1,35,30.00,622.90,"18,687.00",2024-03-05
798,HRL,2024030505001635,1,35,30.00,622.90,"18,687.00",2024-03-05
799,HRL,2024030505001636,1,7,30.00,623.00,"18,690.00",2024-03-05
800,HRL,2024030505001637,1,55,10.00,623.00,"6,230.00",2024-03-05
801,HRL,2024030505001638,5,55,10.00,623.00,"6,230.00",2024-03-05
802,HRL,2024030505001639,5,57,10.00,623.00,"6,230.00",2024-03-05
803,HRL,2024030505001641,18,55,20.00,622.00,"12,440.00",2024-03-05
804,HRL,2024030505001644,18,57,20.00,623.00,"12,460.00",2024-03-05
805,HRL,2024030505001645,18,58,10.00,623.00,"6,230.00",2024-03-05
806,HRL,2024030505001646,18,8,100.00,623.90,"62,390.00",2024-03-05
807,HRL,2024030505001647,18,61,170.00,623.90,"106,063.00",2024-03-05
808,HRL,2024030505001651,18,49,10.00,622.00,"6,220.00",2024-03-05
809,HRL,2024030505001657,18,52,10.00,622.00,"6,220.00",2024-03-05
810,HRL,2024030505001663,34,36,10.00,622.00,"6,220.00",2024-03-05
811,HRL,2024030505001664,34,55,20.00,622.00,"12,440.00",2024-03-05
812,HRL,2024030505001672,34,36,10.00,622.90,"6,229.00",2024-03-05
813,HRL,2024030505001673,26,4,10.00,623.00,"6,230.00",2024-03-05
814,HRL,2024030505001674,26,22,10.00,623.00,"6,230.00",2024-03-05
815,HRL,2024030505001675,26,43,20.00,623.00,"12,460.00",2024-03-05
816,HRL,2024030505001676,26,87,20.00,623.00,"12,460.00",2024-03-05
817,HRL,2024030505001677,26,55,20.00,623.00,"12,460.00",2024-03-05
818,HRL,2024030505001680,26,34,10.00,623.00,"6,230.00",2024-03-05
819,HRL,2024030505001681,26,58,10.00,623.00,"6,230.00",2024-03-05
820,HRL,2024030505001690,26,55,20.00,623.00,"12,460.00",2024-03-05
821,HRL,2024030505001691,26,34,10.00,623.00,"6,230.00",2024-03-05
822,HRL,2024030505001692,34,58,10.00,622.90,"6,229.00",2024-03-05
823,HRL,2024030505001699,58,1,25.00,623.00,"15,575.00",2024-03-05
824,HRL,2024030505001703,34,11,50.00,622.90,"31,145.00",2024-03-05
825,HRL,2024030505001707,25,42,30.00,620.00,"18,600.00",2024-03-05
826,HRL,2024030505001716,25,49,10.00,620.00,"6,200.00",2024-03-05
827,HRL,2024030505001717,25,4,10.00,620.00,"6,200.00",2024-03-05
828,HRL,2024030505001719,43,38,10.00,622.00,"6,220.00",2024-03-05
829,HRL,2024030505001720,45,38,10.00,622.00,"6,220.00",2024-03-05
830,HRL,2024030505001721,45,11,50.00,622.90,"31,145.00",2024-03-05
831,HRL,2024030505001722,45,35,20.00,622.90,"12,458.00",2024-03-05
832,HRL,2024030505001723,45,1,225.00,623.00,"140,175.00",2024-03-05
833,HRL,2024030505001724,45,55,20.00,623.00,"12,460.00",2024-03-05
834,HRL,2024030505001725,45,58,10.00,623.00,"6,230.00",2024-03-05
835,HRL,2024030505001728,45,58,10.00,623.00,"6,230.00",2024-03-05
836,HRL,2024030505001731,45,17,20.00,623.00,"12,460.00",2024-03-05
837,HRL,2024030505001732,45,49,10.00,623.00,"6,230.00",2024-03-05
838,HRL,2024030505001736,45,91,10.00,623.00,"6,230.00",2024-03-05
839,HRL,2024030505001741,45,54,30.00,623.00,"18,690.00",2024-03-05
840,HRL,2024030505001743,45,34,65.00,623.00,"40,495.00",2024-03-05
841,HRL,2024030505001745,26,34,20.00,623.00,"12,460.00",2024-03-05
842,HRL,2024030505001746,65,66,20.00,621.00,"12,420.00",2024-03-05
843,HRL,2024030505001747,65,58,10.00,621.00,"6,210.00",2024-03-05
844,HRL,2024030505001752,36,58,10.00,622.00,"6,220.00",2024-03-05
845,HRL,2024030505001753,36,87,10.00,622.00,"6,220.00",2024-03-05
846,HRL,2024030505001758,53,50,10.00,622.10,"6,221.00",2024-03-05
847,HRL,2024030505001767,3,34,15.00,623.00,"9,345.00",2024-03-05
848,HRL,2024030505001768,3,41,10.00,623.00,"6,230.00",2024-03-05
849,HRL,2024030505001769,3,39,10.00,623.00,"6,230.00",2024-03-05
850,HRL,2024030505001770,3,58,20.00,623.50,"12,470.00",2024-03-05
851,HRL,2024030505001771,3,55,445.00,623.50,"277,457.50",2024-03-05
852,HRL,2024030505001772,53,14,20.00,622.10,"12,442.00",2024-03-05
853,HRL,2024030505001777,53,58,10.00,622.10,"6,221.00",2024-03-05
854,HRL,2024030505001778,53,14,20.00,622.10,"12,442.00",2024-03-05
855,HRL,2024030505001782,77,34,10.00,623.00,"6,230.00",2024-03-05
856,HRL,2024030505001793,77,58,30.00,623.00,"18,690.00",2024-03-05
857,HRL,2024030505001796,77,58,10.00,623.00,"6,230.00",2024-03-05
858,HRL,2024030505001799,53,37,10.00,623.10,"6,231.00",2024-03-05
859,HRL,2024030505001802,53,55,30.00,623.10,"18,693.00",2024-03-05
860,HRL,2024030505001803,77,55,10.00,623.00,"6,230.00",2024-03-05
861,HRL,2024030505001808,77,58,10.00,623.00,"6,230.00",2024-03-05
862,HRL,2024030505001812,77,57,10.00,623.00,"6,230.00",2024-03-05
863,HRL,2024030505001815,77,52,30.00,623.00,"18,690.00",2024-03-05
864,HRL,2024030505001816,57,44,20.00,623.30,"12,466.00",2024-03-05
865,HRL,2024030505001817,57,35,30.00,623.40,"18,702.00",2024-03-05
866,HRL,2024030505001818,57,61,90.00,623.90,"56,151.00",2024-03-05
867,HRL,2024030505001821,77,38,10.00,623.00,"6,230.00",2024-03-05
868,HRL,2024030505001826,36,61,130.00,623.90,"81,107.00",2024-03-05
869,HRL,2024030505001827,36,17,10.00,623.90,"6,239.00",2024-03-05
870,HRL,2024030505001828,36,58,10.00,624.00,"6,240.00",2024-03-05
871,HRL,2024030505001829,36,25,30.00,624.00,"18,720.00",2024-03-05
872,HRL,2024030505001830,77,25,170.00,624.00,"106,080.00",2024-03-05
873,HRL,2024030505001831,77,42,10.00,624.00,"6,240.00",2024-03-05
874,HRL,2024030505001832,77,66,50.00,624.00,"31,200.00",2024-03-05
875,HRL,2024030505001833,77,34,100.00,624.00,"62,400.00",2024-03-05
876,HRL,2024030505001836,77,49,10.00,624.00,"6,240.00",2024-03-05
877,HRL,2024030505001837,77,35,10.00,624.00,"6,240.00",2024-03-05
878,HRL,2024030505001838,21,34,10.00,624.20,"6,242.00",2024-03-05
879,HRL,2024030505001839,21,45,25.00,624.80,"15,620.00",2024-03-05
880,HRL,2024030505001840,21,58,115.00,624.90,"71,863.50",2024-03-05
881,HRL,2024030505001842,77,46,10.00,624.00,"6,240.00",2024-03-05
882,HRL,2024030505001843,77,26,20.00,624.00,"12,480.00",2024-03-05
883,HRL,2024030505001844,59,58,563.00,624.90,"351,818.70",2024-03-05
884,HRL,2024030505001845,59,62,10.00,625.00,"6,250.00",2024-03-05
885,HRL,2024030505001846,59,51,20.00,625.00,"12,500.00",2024-03-05
886,HRL,2024030505001847,59,35,10.00,625.00,"6,250.00",2024-03-05
887,HRL,2024030505001848,59,49,10.00,625.00,"6,250.00",2024-03-05
888,HRL,2024030505001849,59,41,10.00,625.00,"6,250.00",2024-03-05
889,HRL,2024030505001850,59,21,40.00,625.00,"25,000.00",2024-03-05
890,HRL,2024030505001851,59,54,10.00,625.00,"6,250.00",2024-03-05
891,HRL,2024030505001852,59,46,10.00,625.00,"6,250.00",2024-03-05
892,HRL,2024030505001853,59,58,10.00,625.00,"6,250.00",2024-03-05
893,HRL,2024030505001854,59,52,10.00,625.00,"6,250.00",2024-03-05
894,HRL,2024030505001855,59,34,10.00,625.00,"6,250.00",2024-03-05
895,HRL,2024030505001856,59,77,200.00,625.00,"125,000.00",2024-03-05
896,HRL,2024030505001857,59,52,10.00,625.00,"6,250.00",2024-03-05
897,HRL,2024030505001858,59,46,10.00,625.00,"6,250.00",2024-03-05
898,HRL,2024030505001859,59,19,20.00,625.00,"12,500.00",2024-03-05
899,HRL,2024030505001860,59,55,47.00,625.00,"29,375.00",2024-03-05
900,HRL,2024030505001861,5,57,20.00,624.90,"12,498.00",2024-03-05
901,HRL,2024030505001862,77,57,100.00,624.00,"62,400.00",2024-03-05
902,HRL,2024030505001863,94,35,10.00,623.50,"6,235.00",2024-03-05
903,HRL,2024030505001864,94,58,10.00,623.50,"6,235.00",2024-03-05
904,HRL,2024030505001865,94,45,20.00,623.50,"12,470.00",2024-03-05
905,HRL,2024030505001866,33,57,80.00,624.00,"49,920.00",2024-03-05
906,HRL,2024030505001867,33,26,20.00,624.00,"12,480.00",2024-03-05
907,HRL,2024030505001873,33,59,10.00,624.00,"6,240.00",2024-03-05
908,HRL,2024030505001874,33,1,50.00,624.00,"31,200.00",2024-03-05
909,HRL,2024030505001876,33,41,10.00,624.00,"6,240.00",2024-03-05
910,HRL,2024030505001877,33,26,20.00,624.00,"12,480.00",2024-03-05
911,HRL,2024030505001878,33,59,10.00,624.00,"6,240.00",2024-03-05
912,HRL,2024030505001879,51,21,10.00,624.90,"6,249.00",2024-03-05
913,HRL,2024030505001880,51,55,40.00,625.00,"25,000.00",2024-03-05
914,HRL,2024030505001881,71,55,300.00,625.00,"187,500.00",2024-03-05
915,HRL,2024030505001882,33,19,10.00,624.00,"6,240.00",2024-03-05
916,HRL,2024030505001883,25,55,20.00,625.00,"12,500.00",2024-03-05
917,HRL,2024030505001885,33,38,10.00,624.00,"6,240.00",2024-03-05
918,HRL,2024030505001886,33,53,10.00,624.00,"6,240.00",2024-03-05
919,HRL,2024030505001887,94,55,593.00,625.00,"370,625.00",2024-03-05
920,HRL,2024030505001888,94,58,30.00,625.00,"18,750.00",2024-03-05
921,HRL,2024030505001889,94,53,10.00,625.00,"6,250.00",2024-03-05
922,HRL,2024030505001890,94,58,10.00,625.00,"6,250.00",2024-03-05
923,HRL,2024030505001891,94,4,10.00,625.00,"6,250.00",2024-03-05
924,HRL,2024030505001892,94,41,10.00,625.00,"6,250.00",2024-03-05
925,HRL,2024030505001893,94,75,10.00,625.00,"6,250.00",2024-03-05
926,HRL,2024030505001894,94,42,20.00,625.00,"12,500.00",2024-03-05
927,HRL,2024030505001896,33,59,10.00,624.00,"6,240.00",2024-03-05
928,HRL,2024030505001897,48,35,10.00,625.00,"6,250.00",2024-03-05
929,HRL,2024030505001898,48,58,10.00,625.00,"6,250.00",2024-03-05
930,HRL,2024030505001900,48,53,10.00,625.00,"6,250.00",2024-03-05
931,HRL,2024030505001901,58,38,10.00,626.00,"6,260.00",2024-03-05
932,HRL,2024030505001904,48,47,10.00,625.00,"6,250.00",2024-03-05
933,HRL,2024030505001905,48,58,10.00,625.00,"6,250.00",2024-03-05
934,HRL,2024030505001906,48,58,10.00,625.00,"6,250.00",2024-03-05
935,HRL,2024030505001911,48,42,10.00,625.00,"6,250.00",2024-03-05
936,HRL,2024030505001913,48,38,10.00,625.00,"6,250.00",2024-03-05
937,HRL,2024030505001915,48,3,10.00,625.00,"6,250.00",2024-03-05
938,HRL,2024030505001920,13,42,30.00,625.10,"18,753.00",2024-03-05
939,HRL,2024030505001921,13,4,10.00,625.10,"6,251.00",2024-03-05
940,HRL,2024030505001922,13,52,10.00,625.10,"6,251.00",2024-03-05
941,HRL,2024030505001928,13,7,10.00,625.10,"6,251.00",2024-03-05
942,HRL,2024030505001929,13,55,10.00,625.10,"6,251.00",2024-03-05
943,HRL,2024030505001933,34,34,100.00,625.20,"62,520.00",2024-03-05
944,HRL,2024030505001937,13,56,30.00,625.10,"18,753.00",2024-03-05
945,HRL,2024030505001938,13,38,10.00,625.10,"6,251.00",2024-03-05
946,HRL,2024030505001943,13,58,10.00,625.10,"6,251.00",2024-03-05
947,HRL,2024030505001944,13,58,20.00,625.10,"12,502.00",2024-03-05
948,HRL,2024030505001945,13,57,10.00,625.10,"6,251.00",2024-03-05
949,HRL,2024030505001946,13,80,350.00,625.10,"218,785.00",2024-03-05
950,HRL,2024030505001947,60,80,70.00,625.10,"43,757.00",2024-03-05
951,HRL,2024030505001948,60,6,30.00,625.10,"18,753.00",2024-03-05
952,HRL,2024030505001950,60,20,30.00,625.10,"18,753.00",2024-03-05
953,HRL,2024030505001951,60,29,10.00,625.10,"6,251.00",2024-03-05
954,HRL,2024030505001953,60,49,50.00,625.10,"31,255.00",2024-03-05
955,HRL,2024030505001954,29,8,50.00,626.00,"31,300.00",2024-03-05
956,HRL,2024030505001955,60,45,110.00,625.10,"68,761.00",2024-03-05
957,HRL,2024030505001956,48,45,210.00,625.00,"131,250.00",2024-03-05
958,HRL,2024030505001957,44,45,150.00,625.00,"93,750.00",2024-03-05
959,HRL,2024030505001958,34,45,10.00,625.00,"6,250.00",2024-03-05
960,HRL,2024030505001959,33,45,40.00,625.00,"25,000.00",2024-03-05
961,HRL,2024030505001960,18,45,50.00,624.00,"31,200.00",2024-03-05
962,HRL,2024030505001961,14,45,50.00,624.00,"31,200.00",2024-03-05
963,HRL,2024030505001962,94,45,380.00,623.50,"236,930.00",2024-03-05
964,HRL,2024030505001965,8,40,20.00,625.00,"12,500.00",2024-03-05
965,HRL,2024030505001966,8,41,10.00,625.10,"6,251.00",2024-03-05
966,HRL,2024030505001967,8,3,77.00,625.90,"48,194.30",2024-03-05
967,HRL,2024030505001968,8,8,70.00,626.00,"43,820.00",2024-03-05
968,HRL,2024030505001969,8,52,10.00,626.00,"6,260.00",2024-03-05
969,HRL,2024030505001970,8,75,20.00,626.00,"12,520.00",2024-03-05
970,HRL,2024030505001971,8,34,10.00,626.00,"6,260.00",2024-03-05
971,HRL,2024030505001972,8,41,20.00,626.00,"12,520.00",2024-03-05
972,HRL,2024030505001973,8,36,100.00,626.00,"62,600.00",2024-03-05
973,HRL,2024030505001974,8,35,10.00,626.00,"6,260.00",2024-03-05
974,HRL,2024030505001975,8,58,10.00,626.00,"6,260.00",2024-03-05
975,HRL,2024030505001976,8,21,10.00,626.00,"6,260.00",2024-03-05
976,HRL,2024030505001977,8,58,20.00,626.00,"12,520.00",2024-03-05
977,HRL,2024030505001978,8,49,10.00,626.00,"6,260.00",2024-03-05
978,HRL,2024030505001979,8,3,10.00,626.00,"6,260.00",2024-03-05
979,HRL,2024030505001982,8,48,10.00,626.00,"6,260.00",2024-03-05
980,HRL,2024030505001984,8,49,10.00,626.00,"6,260.00",2024-03-05
981,HRL,2024030505001985,8,16,10.00,626.00,"6,260.00",2024-03-05
982,HRL,2024030505001986,8,42,63.00,626.00,"39,438.00",2024-03-05
983,HRL,2024030505001987,94,38,10.00,623.50,"6,235.00",2024-03-05
984,HRL,2024030505001988,8,42,22.00,626.00,"13,772.00",2024-03-05
985,HRL,2024030505001989,8,75,10.00,626.00,"6,260.00",2024-03-05
986,HRL,2024030505001990,8,55,100.00,626.80,"62,680.00",2024-03-05
987,HRL,2024030505001991,8,38,368.00,626.90,"230,699.20",2024-03-05
988,HRL,2024030505001993,94,38,10.00,623.50,"6,235.00",2024-03-05
989,HRL,2024030505001994,28,38,10.00,623.10,"6,231.00",2024-03-05
990,HRL,2024030505001999,28,48,10.00,623.10,"6,231.00",2024-03-05
991,HRL,2024030505002000,29,58,20.00,626.00,"12,520.00",2024-03-05
992,HRL,2024030505002003,29,49,20.00,626.00,"12,520.00",2024-03-05
993,HRL,2024030505002004,28,21,10.00,623.10,"6,231.00",2024-03-05
994,HRL,2024030505002006,28,4,40.00,623.10,"24,924.00",2024-03-05
995,HRL,2024030505002015,28,42,10.00,623.10,"6,231.00",2024-03-05
996,HRL,2024030505002021,49,3,10.00,624.00,"6,240.00",2024-03-05
997,HRL,2024030505002022,49,58,10.00,624.00,"6,240.00",2024-03-05
998,HRL,2024030505002026,49,49,10.00,624.00,"6,240.00",2024-03-05
999,HRL,2024030505002027,49,56,10.00,624.00,"6,240.00",2024-03-05
1000,HRL,2024030505002028,56,62,10.00,625.00,"6,250.00",2024-03-05
1001,HRL,2024030505002029,56,34,490.00,625.00,"306,250.00",2024-03-05
1002,HRL,2024030505002030,4,34,15.00,625.00,"9,375.00",2024-03-05
1003,HRL,2024030505002033,38,34,95.00,625.00,"59,375.00",2024-03-05
1004,HRL,2024030505002034,38,55,205.00,626.00,"128,330.00",2024-03-05
1005,HRL,2024030505002035,56,55,295.00,626.00,"184,670.00",2024-03-05
1006,HRL,2024030505002036,56,32,10.00,626.00,"6,260.00",2024-03-05
1007,HRL,2024030505002037,56,62,10.00,626.00,"6,260.00",2024-03-05
1008,HRL,2024030505002038,56,67,40.00,626.00,"25,040.00",2024-03-05
1009,HRL,2024030505002039,56,57,30.00,626.00,"18,780.00",2024-03-05
1010,HRL,2024030505002040,56,14,10.00,626.00,"6,260.00",2024-03-05
1011,HRL,2024030505002041,56,57,10.00,626.00,"6,260.00",2024-03-05
1012,HRL,2024030505002042,56,22,10.00,626.00,"6,260.00",2024-03-05
1013,HRL,2024030505002044,56,77,30.00,626.00,"18,780.00",2024-03-05
1014,HRL,2024030505002045,56,7,10.00,626.00,"6,260.00",2024-03-05
1015,HRL,2024030505002046,56,7,30.00,626.00,"18,780.00",2024-03-05
1016,HRL,2024030505002053,56,21,10.00,626.00,"6,260.00",2024-03-05
1017,HRL,2024030505002056,21,37,10.00,626.00,"6,260.00",2024-03-05
1018,HRL,2024030505002057,21,52,10.00,626.80,"6,268.00",2024-03-05
1019,HRL,2024030505002058,21,38,180.00,626.90,"112,842.00",2024-03-05
1020,HRL,2024030505002062,53,40,20.00,624.10,"12,482.00",2024-03-05
1021,HRL,2024030505002063,50,38,100.00,626.90,"62,690.00",2024-03-05
1022,HRL,2024030505002065,49,25,50.00,625.00,"31,250.00",2024-03-05
1023,HRL,2024030505002067,49,51,10.00,625.00,"6,250.00",2024-03-05
1024,HRL,2024030505002068,49,5,100.00,625.00,"62,500.00",2024-03-05
1025,HRL,2024030505002070,17,66,10.00,625.00,"6,250.00",2024-03-05
1026,HRL,2024030505002071,17,38,52.00,626.90,"32,598.80",2024-03-05
1027,HRL,2024030505002072,17,46,10.00,627.00,"6,270.00",2024-03-05
1028,HRL,2024030505002073,17,58,20.00,627.00,"12,540.00",2024-03-05
1029,HRL,2024030505002074,17,19,10.00,627.00,"6,270.00",2024-03-05
1030,HRL,2024030505002075,17,55,41.00,627.00,"25,707.00",2024-03-05
1031,HRL,2024030505002091,3,55,10.00,625.00,"6,250.00",2024-03-05
1032,HRL,2024030505002092,3,65,490.00,625.00,"306,250.00",2024-03-05
1033,HRL,2024030505002093,34,65,10.00,625.00,"6,250.00",2024-03-05
1034,HRL,2024030505002096,13,55,300.00,627.00,"188,100.00",2024-03-05
1035,HRL,2024030505002103,34,25,10.00,625.00,"6,250.00",2024-03-05
1036,HRL,2024030505002104,19,25,100.00,625.00,"62,500.00",2024-03-05
1037,HRL,2024030505002105,53,25,80.00,624.30,"49,944.00",2024-03-05
1038,HRL,2024030505002106,16,25,500.00,624.20,"312,100.00",2024-03-05
1039,HRL,2024030505002107,45,25,20.00,624.10,"12,482.00",2024-03-05
1040,HRL,2024030505002108,41,25,95.00,624.00,"59,280.00",2024-03-05
1041,HRL,2024030505002109,7,25,695.00,624.00,"433,680.00",2024-03-05
1042,HRL,2024030505002115,22,38,20.00,624.10,"12,482.00",2024-03-05
1043,HRL,2024030505002122,4,49,10.00,624.20,"6,242.00",2024-03-05
1044,HRL,2024030505002123,22,57,44.00,624.10,"27,460.40",2024-03-05
1045,HRL,2024030505002126,22,7,10.00,624.10,"6,241.00",2024-03-05
1046,HRL,2024030505002127,28,58,10.00,624.20,"6,242.00",2024-03-05
1047,HRL,2024030505002128,42,3,10.00,625.00,"6,250.00",2024-03-05
1048,HRL,2024030505002141,48,37,10.00,624.30,"6,243.00",2024-03-05
1049,HRL,2024030505002142,7,45,10.00,626.00,"6,260.00",2024-03-05
1050,HRL,2024030505002143,7,65,500.00,626.00,"313,000.00",2024-03-05
1051,HRL,2024030505002144,7,35,10.00,626.00,"6,260.00",2024-03-05
1052,HRL,2024030505002146,77,32,20.00,626.90,"12,538.00",2024-03-05
1053,HRL,2024030505002150,7,32,15.00,626.00,"9,390.00",2024-03-05
1054,HRL,2024030505002154,7,42,10.00,625.00,"6,250.00",2024-03-05
1055,HRL,2024030505002155,45,42,10.00,625.00,"6,250.00",2024-03-05
1056,HRL,2024030505002157,58,45,10.00,625.00,"6,250.00",2024-03-05
1057,HRL,2024030505002163,32,22,10.00,626.00,"6,260.00",2024-03-05
1058,HRL,2024030505002164,32,49,10.00,626.00,"6,260.00",2024-03-05
1059,HRL,2024030505002165,32,25,10.00,626.00,"6,260.00",2024-03-05
1060,HRL,2024030505002166,32,32,180.00,626.90,"112,842.00",2024-03-05
1061,HRL,2024030505002167,32,55,40.00,627.00,"25,080.00",2024-03-05
1062,HRL,2024030505002173,77,32,10.00,625.10,"6,251.00",2024-03-05
1063,HRL,2024030505002174,49,55,500.00,627.00,"313,500.00",2024-03-05
1064,HRL,2024030505002175,77,55,10.00,625.10,"6,251.00",2024-03-05
1065,HRL,2024030505002176,22,26,10.00,625.10,"6,251.00",2024-03-05
1066,HRL,2024030505002177,22,49,10.00,625.10,"6,251.00",2024-03-05
1067,HRL,2024030505002179,22,53,20.00,625.10,"12,502.00",2024-03-05
1068,HRL,2024030505002183,28,84,10.00,625.20,"6,252.00",2024-03-05
1069,HRL,2024030505002186,8,77,10.00,626.00,"6,260.00",2024-03-05
1070,HRL,2024030505002187,8,45,10.00,626.00,"6,260.00",2024-03-05
1071,HRL,2024030505002188,8,38,20.00,626.00,"12,520.00",2024-03-05
1072,HRL,2024030505002191,8,34,10.00,626.00,"6,260.00",2024-03-05
1073,HRL,2024030505002197,8,26,10.00,626.00,"6,260.00",2024-03-05
1074,HRL,2024030505002205,3,29,30.00,626.90,"18,807.00",2024-03-05
1075,HRL,2024030505002206,3,28,10.00,626.90,"6,269.00",2024-03-05
1076,HRL,2024030505002207,3,55,119.00,627.00,"74,613.00",2024-03-05
1077,HRL,2024030505002208,3,58,20.00,627.00,"12,540.00",2024-03-05
1078,HRL,2024030505002209,3,55,321.00,627.00,"201,267.00",2024-03-05
1079,HRL,2024030505002211,8,11,10.00,626.00,"6,260.00",2024-03-05
1080,HRL,2024030505002212,8,14,10.00,626.00,"6,260.00",2024-03-05
1081,HRL,2024030505002215,8,21,10.00,626.00,"6,260.00",2024-03-05
1082,HRL,2024030505002216,8,37,10.00,626.00,"6,260.00",2024-03-05
1083,HRL,2024030505002217,8,58,10.00,626.00,"6,260.00",2024-03-05
1084,HRL,2024030505002238,16,25,10.00,626.10,"6,261.00",2024-03-05
1085,HRL,2024030505002239,29,55,100.00,627.00,"62,700.00",2024-03-05
1086,HRL,2024030505002240,16,21,10.00,626.10,"6,261.00",2024-03-05
1087,HRL,2024030505002241,16,16,20.00,626.10,"12,522.00",2024-03-05
1088,HRL,2024030505002244,16,58,10.00,626.10,"6,261.00",2024-03-05
1089,HRL,2024030505002246,16,35,450.00,626.10,"281,745.00",2024-03-05
1090,HRL,2024030505002247,8,35,50.00,626.00,"31,300.00",2024-03-05
1091,HRL,2024030505002250,8,38,10.00,626.00,"6,260.00",2024-03-05
1092,HRL,2024030505002261,5,8,10.00,626.50,"6,265.00",2024-03-05
1093,HRL,2024030505002264,58,55,30.00,627.00,"18,810.00",2024-03-05
1094,HRL,2024030505002268,52,55,10.00,626.10,"6,261.00",2024-03-05
1095,HRL,2024030505002270,52,37,10.00,626.10,"6,261.00",2024-03-05
1096,HRL,2024030505002271,52,59,10.00,626.10,"6,261.00",2024-03-05
1097,HRL,2024030505002277,21,55,49.00,627.00,"30,723.00",2024-03-05
1098,HRL,2024030505002278,21,58,10.00,627.00,"6,270.00",2024-03-05
1099,HRL,2024030505002279,21,45,10.00,627.00,"6,270.00",2024-03-05
1100,HRL,2024030505002280,21,34,10.00,627.00,"6,270.00",2024-03-05
1101,HRL,2024030505002281,21,41,10.00,627.00,"6,270.00",2024-03-05
1102,HRL,2024030505002282,21,42,10.00,627.00,"6,270.00",2024-03-05
1103,HRL,2024030505002283,21,45,10.00,627.00,"6,270.00",2024-03-05
1104,HRL,2024030505002284,21,45,10.00,627.00,"6,270.00",2024-03-05
1105,HRL,2024030505002290,58,49,10.00,627.00,"6,270.00",2024-03-05
1106,HRL,2024030505002291,58,75,15.00,627.00,"9,405.00",2024-03-05
1107,HRL,2024030505002310,7,7,10.00,626.10,"6,261.00",2024-03-05
1108,HRL,2024030505002317,35,75,30.00,627.00,"18,810.00",2024-03-05
1109,HRL,2024030505002318,7,4,30.00,626.10,"18,783.00",2024-03-05
1110,HRL,2024030505002327,7,5,10.00,626.10,"6,261.00",2024-03-05
1111,HRL,2024030505002328,8,5,190.00,626.00,"118,940.00",2024-03-05
1112,HRL,2024030505002334,8,49,10.00,626.00,"6,260.00",2024-03-05
1113,HRL,2024030505002338,8,70,20.00,626.00,"12,520.00",2024-03-05
1114,HRL,2024030505002339,8,51,10.00,626.00,"6,260.00",2024-03-05
1115,HRL,2024030505002345,42,55,10.00,626.10,"6,261.00",2024-03-05
1116,HRL,2024030505002346,8,5,200.00,626.00,"125,200.00",2024-03-05
1117,HRL,2024030505002347,8,21,10.00,626.00,"6,260.00",2024-03-05
1118,HRL,2024030505002348,8,51,20.00,626.00,"12,520.00",2024-03-05
1119,HRL,2024030505002349,8,59,370.00,626.00,"231,620.00",2024-03-05
1120,HRL,2024030505002350,33,59,250.00,626.00,"156,500.00",2024-03-05
1121,HRL,2024030505002357,53,58,10.00,625.30,"6,253.00",2024-03-05
1122,HRL,2024030505002358,56,59,380.00,626.00,"237,880.00",2024-03-05
1123,HRL,2024030505002359,56,43,30.00,626.00,"18,780.00",2024-03-05
1124,HRL,2024030505002360,56,49,10.00,626.00,"6,260.00",2024-03-05
1125,HRL,2024030505002364,56,40,20.00,626.00,"12,520.00",2024-03-05
1126,HRL,2024030505002365,56,58,20.00,626.00,"12,520.00",2024-03-05
1127,HRL,2024030505002366,56,58,45.00,626.00,"28,170.00",2024-03-05
1128,HRL,2024030505002367,7,58,26.00,626.00,"16,276.00",2024-03-05
1129,HRL,2024030505002368,28,34,110.00,625.20,"68,772.00",2024-03-05
1130,HRL,2024030505002369,42,34,40.00,625.00,"25,000.00",2024-03-05
1131,HRL,2024030505002371,42,61,160.00,625.00,"100,000.00",2024-03-05
1132,HRL,2024030505002372,48,61,30.00,625.00,"18,750.00",2024-03-05
1133,HRL,2024030505002373,33,61,40.00,625.00,"25,000.00",2024-03-05
1134,HRL,2024030505002374,33,61,270.00,625.00,"168,750.00",2024-03-05
1135,HRL,2024030505002379,33,58,230.00,625.00,"143,750.00",2024-03-05
1136,HRL,2024030505002380,6,58,40.00,625.00,"25,000.00",2024-03-05
1137,HRL,2024030505002381,6,58,40.00,625.00,"25,000.00",2024-03-05
1138,HRL,2024030505002382,22,58,150.00,625.00,"93,750.00",2024-03-05
1139,HRL,2024030505002392,48,21,20.00,624.30,"12,486.00",2024-03-05
1140,HRL,2024030505002403,48,67,40.00,624.30,"24,972.00",2024-03-05
1141,HRL,2024030505002405,48,59,30.00,624.30,"18,729.00",2024-03-05
1142,HRL,2024030505002406,40,59,30.00,624.00,"18,720.00",2024-03-05
1143,HRL,2024030505002407,19,59,190.00,624.00,"118,560.00",2024-03-05
1144,HRL,2024030505002408,17,59,100.00,624.00,"62,400.00",2024-03-05
1145,HRL,2024030505002409,52,59,300.00,624.00,"187,200.00",2024-03-05
1146,HRL,2024030505002410,48,59,130.00,623.20,"81,016.00",2024-03-05
1147,HRL,2024030505002411,42,58,100.00,625.00,"62,500.00",2024-03-05
1148,HRL,2024030505002412,6,58,30.00,625.00,"18,750.00",2024-03-05
1149,HRL,2024030505002413,48,26,20.00,623.20,"12,464.00",2024-03-05
1150,HRL,2024030505002415,57,59,10.00,623.00,"6,230.00",2024-03-05
1151,HRL,2024030505002421,57,42,10.00,623.00,"6,230.00",2024-03-05
1152,HRL,2024030505002422,74,42,150.00,622.10,"93,315.00",2024-03-05
1153,HRL,2024030505002426,45,33,20.00,622.20,"12,444.00",2024-03-05
1154,HRL,2024030505002428,45,58,10.00,622.20,"6,222.00",2024-03-05
1155,HRL,2024030505002432,45,40,20.00,622.20,"12,444.00",2024-03-05
1156,HRL,2024030505002435,45,43,950.00,622.20,"591,090.00",2024-03-05
1157,HRL,2024030505002436,74,43,850.00,622.10,"528,785.00",2024-03-05
1158,HRL,2024030505002437,71,43,500.00,622.00,"311,000.00",2024-03-05
1159,HRL,2024030505002438,41,43,100.00,622.00,"62,200.00",2024-03-05
1160,HRL,2024030505002439,40,43,300.00,622.00,"186,600.00",2024-03-05
1161,HRL,2024030505002440,42,43,19.00,622.00,"11,818.00",2024-03-05
1162,HRL,2024030505002441,33,43,500.00,622.00,"311,000.00",2024-03-05
1163,HRL,2024030505002442,53,43,90.00,622.00,"55,980.00",2024-03-05
1164,HRL,2024030505002448,59,43,100.00,622.00,"62,200.00",2024-03-05
1165,HRL,2024030505002450,34,43,91.00,622.00,"56,602.00",2024-03-05
1166,HRL,2024030505002451,34,35,10.00,622.00,"6,220.00",2024-03-05
1167,HRL,2024030505002452,34,37,10.00,622.00,"6,220.00",2024-03-05
1168,HRL,2024030505002457,34,56,10.00,622.00,"6,220.00",2024-03-05
1169,HRL,2024030505002458,34,57,10.00,622.00,"6,220.00",2024-03-05
1170,HRL,2024030505002463,34,58,20.00,622.00,"12,440.00",2024-03-05
1171,HRL,2024030505002464,34,49,20.00,622.00,"12,440.00",2024-03-05
1172,HRL,2024030505002478,34,49,10.00,622.00,"6,220.00",2024-03-05
1173,HRL,2024030505002480,34,13,10.00,622.00,"6,220.00",2024-03-05
1174,HRL,2024030505002484,13,58,10.00,621.10,"6,211.00",2024-03-05
1175,HRL,2024030505002489,13,44,10.00,621.10,"6,211.00",2024-03-05
1176,HRL,2024030505002490,65,44,20.00,621.00,"12,420.00",2024-03-05
1177,HRL,2024030505002491,42,55,10.00,622.00,"6,220.00",2024-03-05
1178,HRL,2024030505002492,42,4,10.00,622.00,"6,220.00",2024-03-05
1179,HRL,2024030505002494,42,65,100.00,622.00,"62,200.00",2024-03-05
1180,HRL,2024030505002495,29,45,10.00,623.00,"6,230.00",2024-03-05
1181,HRL,2024030505002496,29,16,10.00,623.00,"6,230.00",2024-03-05
1182,HRL,2024030505002499,42,52,25.00,622.00,"15,550.00",2024-03-05
1183,HRL,2024030505002500,65,19,50.00,621.00,"31,050.00",2024-03-05
1184,HRL,2024030505002501,49,19,127.00,621.00,"78,867.00",2024-03-05
1185,HRL,2024030505002502,34,19,18.00,620.30,"11,165.40",2024-03-05
1186,HRL,2024030505002503,77,19,50.00,620.20,"31,010.00",2024-03-05
1187,HRL,2024030505002504,3,19,155.00,620.10,"96,115.50",2024-03-05
1188,HRL,2024030505002505,25,19,30.00,620.00,"18,600.00",2024-03-05
1189,HRL,2024030505002506,52,19,200.00,620.00,"124,000.00",2024-03-05
1190,HRL,2024030505002507,33,19,170.00,620.00,"105,400.00",2024-03-05
1191,HRL,2024030505002508,33,13,10.00,620.00,"6,200.00",2024-03-05
1192,HRL,2024030505002509,33,49,10.00,620.00,"6,200.00",2024-03-05
1193,HRL,2024030505002510,48,55,50.00,620.10,"31,005.00",2024-03-05
1194,HRL,2024030505002511,16,55,50.00,620.10,"31,005.00",2024-03-05
1195,HRL,2024030505002512,33,55,570.00,620.00,"353,400.00",2024-03-05
1196,HRL,2024030505002513,57,55,25.00,620.00,"15,500.00",2024-03-05
1197,HRL,2024030505002514,34,55,310.00,620.00,"192,200.00",2024-03-05
1198,HRL,2024030505002515,44,55,200.00,620.00,"124,000.00",2024-03-05
1199,HRL,2024030505002516,38,55,100.00,620.00,"62,000.00",2024-03-05
1200,HRL,2024030505002517,54,55,80.00,620.00,"49,600.00",2024-03-05
1201,HRL,2024030505002518,38,55,200.00,620.00,"124,000.00",2024-03-05
1202,HRL,2024030505002519,45,55,200.00,620.00,"124,000.00",2024-03-05
1203,HRL,2024030505002520,58,55,10.00,620.00,"6,200.00",2024-03-05
1204,HRL,2024030505002521,39,55,100.00,620.00,"62,000.00",2024-03-05
1205,HRL,2024030505002522,83,55,105.00,620.00,"65,100.00",2024-03-05
1206,HRL,2024030505002523,42,49,20.00,620.10,"12,402.00",2024-03-05
1207,HRL,2024030505002533,21,42,10.00,621.00,"6,210.00",2024-03-05
1208,HRL,2024030505002534,21,52,29.00,622.00,"18,038.00",2024-03-05
1209,HRL,2024030505002535,21,6,10.00,622.00,"6,220.00",2024-03-05
1210,HRL,2024030505002544,25,57,10.00,620.20,"6,202.00",2024-03-05
1211,HRL,2024030505002554,53,45,50.00,620.20,"31,010.00",2024-03-05
1212,HRL,2024030505002555,42,45,80.00,620.10,"49,608.00",2024-03-05
1213,HRL,2024030505002556,34,45,100.00,620.10,"62,010.00",2024-03-05
1214,HRL,2024030505002557,83,45,895.00,620.00,"554,900.00",2024-03-05
1215,HRL,2024030505002558,52,45,500.00,620.00,"310,000.00",2024-03-05
1216,HRL,2024030505002559,44,45,50.00,620.00,"31,000.00",2024-03-05
1217,HRL,2024030505002560,7,45,100.00,619.00,"61,900.00",2024-03-05
1218,HRL,2024030505002561,49,45,"2,000.00",619.00,"1,238,000.00",2024-03-05
1219,HRL,2024030505002562,49,45,10.00,619.00,"6,190.00",2024-03-05
1220,HRL,2024030505002563,50,45,24.00,619.00,"14,856.00",2024-03-05
1221,HRL,2024030505002564,71,45,191.00,618.90,"118,209.90",2024-03-05
1222,HRL,2024030505002573,71,39,10.00,618.90,"6,189.00",2024-03-05
1223,HRL,2024030505002574,71,38,20.00,618.90,"12,378.00",2024-03-05
1224,HRL,2024030505002575,45,38,10.00,619.10,"6,191.00",2024-03-05
1225,HRL,2024030505002576,45,32,10.00,619.10,"6,191.00",2024-03-05
1226,HRL,2024030505002577,45,69,980.00,619.10,"606,718.00",2024-03-05
1227,HRL,2024030505002601,71,59,10.00,618.90,"6,189.00",2024-03-05
1228,HRL,2024030505002602,58,69,60.00,619.00,"37,140.00",2024-03-05
1229,HRL,2024030505002603,71,39,490.00,618.90,"303,261.00",2024-03-05
1230,HRL,2024030505002604,71,41,10.00,618.90,"6,189.00",2024-03-05
1231,HRL,2024030505002605,43,69,500.00,619.00,"309,500.00",2024-03-05
1232,HRL,2024030505002606,88,69,20.00,619.00,"12,380.00",2024-03-05
1233,HRL,2024030505002607,38,69,300.00,619.00,"185,700.00",2024-03-05
1234,HRL,2024030505002608,71,33,20.00,618.90,"12,378.00",2024-03-05
1235,HRL,2024030505002609,71,58,10.00,618.90,"6,189.00",2024-03-05
1236,HRL,2024030505002615,45,69,"1,250.00",619.00,"773,750.00",2024-03-05
1237,HRL,2024030505002616,45,39,10.00,619.00,"6,190.00",2024-03-05
1238,HRL,2024030505002618,77,58,10.00,619.10,"6,191.00",2024-03-05
1239,HRL,2024030505002619,77,50,20.00,619.10,"12,382.00",2024-03-05
1240,HRL,2024030505002620,45,50,240.00,619.00,"148,560.00",2024-03-05
1241,HRL,2024030505002621,71,58,10.00,618.90,"6,189.00",2024-03-05
1242,HRL,2024030505002622,71,58,10.00,618.90,"6,189.00",2024-03-05
1243,HRL,2024030505002623,57,50,140.00,619.00,"86,660.00",2024-03-05
1244,HRL,2024030505002624,57,39,10.00,620.00,"6,200.00",2024-03-05
1245,HRL,2024030505002625,57,41,100.00,620.00,"62,000.00",2024-03-05
1246,HRL,2024030505002626,57,56,10.00,620.00,"6,200.00",2024-03-05
1247,HRL,2024030505002627,57,45,30.00,620.00,"18,600.00",2024-03-05
1248,HRL,2024030505002628,57,58,50.00,620.00,"31,000.00",2024-03-05
1249,HRL,2024030505002629,57,45,10.00,620.00,"6,200.00",2024-03-05
1250,HRL,2024030505002630,57,48,20.00,620.00,"12,400.00",2024-03-05
1251,HRL,2024030505002631,57,52,30.00,620.00,"18,600.00",2024-03-05
1252,HRL,2024030505002632,57,17,10.00,620.00,"6,200.00",2024-03-05
1253,HRL,2024030505002633,57,42,50.00,620.00,"31,000.00",2024-03-05
1254,HRL,2024030505002635,57,48,20.00,620.00,"12,400.00",2024-03-05
1255,HRL,2024030505002638,57,36,10.00,620.00,"6,200.00",2024-03-05
1256,HRL,2024030505002651,57,8,10.00,620.00,"6,200.00",2024-03-05
1257,HRL,2024030505002652,17,6,10.00,620.00,"6,200.00",2024-03-05
1258,HRL,2024030505002653,41,34,20.00,619.00,"12,380.00",2024-03-05
1259,HRL,2024030505002654,71,34,120.00,618.90,"74,268.00",2024-03-05
1260,HRL,2024030505002656,34,45,10.00,619.00,"6,190.00",2024-03-05
1261,HRL,2024030505002657,58,6,30.00,619.90,"18,597.00",2024-03-05
1262,HRL,2024030505002658,58,4,10.00,620.00,"6,200.00",2024-03-05
1263,HRL,2024030505002659,58,36,10.00,620.00,"6,200.00",2024-03-05
1264,HRL,2024030505002662,58,55,10.00,620.00,"6,200.00",2024-03-05
1265,HRL,2024030505002663,58,21,30.00,620.00,"18,600.00",2024-03-05
1266,HRL,2024030505002665,58,45,10.00,620.00,"6,200.00",2024-03-05
1267,HRL,2024030505002666,58,45,100.00,620.00,"62,000.00",2024-03-05
1268,HRL,2024030505002668,22,35,20.00,619.10,"12,382.00",2024-03-05
1269,HRL,2024030505002670,22,58,10.00,619.10,"6,191.00",2024-03-05
1270,HRL,2024030505002679,22,42,10.00,619.10,"6,191.00",2024-03-05
1271,HRL,2024030505002680,22,41,10.00,619.10,"6,191.00",2024-03-05
1272,HRL,2024030505002684,22,58,10.00,619.10,"6,191.00",2024-03-05
1273,HRL,2024030505002688,22,19,10.00,619.10,"6,191.00",2024-03-05
1274,HRL,2024030505002689,22,59,16.00,619.10,"9,905.60",2024-03-05
1275,HRL,2024030505002693,34,42,20.00,619.00,"12,380.00",2024-03-05
1276,HRL,2024030505002694,34,14,30.00,619.00,"18,570.00",2024-03-05
1277,HRL,2024030505002695,34,48,20.00,619.00,"12,380.00",2024-03-05
1278,HRL,2024030505002708,34,38,20.00,619.00,"12,380.00",2024-03-05
1279,HRL,2024030505002709,34,49,10.00,619.00,"6,190.00",2024-03-05
1280,HRL,2024030505002710,34,13,30.00,619.00,"18,570.00",2024-03-05
1281,HRL,2024030505002716,34,45,10.00,619.00,"6,190.00",2024-03-05
1282,HRL,2024030505002717,34,13,350.00,619.00,"216,650.00",2024-03-05
1283,HRL,2024030505002718,52,13,100.00,619.00,"61,900.00",2024-03-05
1284,HRL,2024030505002719,71,8,20.00,618.90,"12,378.00",2024-03-05
1285,HRL,2024030505002720,71,35,20.00,618.90,"12,378.00",2024-03-05
1286,HRL,2024030505002722,71,57,25.00,618.90,"15,472.50",2024-03-05
1287,HRL,2024030505002723,71,58,10.00,618.90,"6,189.00",2024-03-05
1288,HRL,2024030505002726,71,45,10.00,618.90,"6,189.00",2024-03-05
1289,HRL,2024030505002727,71,58,10.00,618.90,"6,189.00",2024-03-05
1290,HRL,2024030505002729,65,51,10.00,618.20,"6,182.00",2024-03-05
1291,HRL,2024030505002734,65,63,30.00,618.20,"18,546.00",2024-03-05
1292,HRL,2024030505002737,17,44,10.00,618.90,"6,189.00",2024-03-05
1293,HRL,2024030505002738,17,52,10.00,618.90,"6,189.00",2024-03-05
1294,HRL,2024030505002739,17,13,50.00,619.00,"30,950.00",2024-03-05
1295,HRL,2024030505002740,17,36,30.00,619.00,"18,570.00",2024-03-05
1296,HRL,2024030505002741,65,49,10.00,618.20,"6,182.00",2024-03-05
1297,HRL,2024030505002744,7,38,10.00,618.30,"6,183.00",2024-03-05
1298,HRL,2024030505002745,65,38,10.00,618.20,"6,182.00",2024-03-05
1299,HRL,2024030505002749,65,4,20.00,618.20,"12,364.00",2024-03-05
1300,HRL,2024030505002751,65,57,10.00,618.20,"6,182.00",2024-03-05
1301,HRL,2024030505002753,65,45,10.00,618.20,"6,182.00",2024-03-05
1302,HRL,2024030505002754,65,6,10.00,618.20,"6,182.00",2024-03-05
1303,HRL,2024030505002758,38,36,10.00,619.00,"6,190.00",2024-03-05
1304,HRL,2024030505002759,34,48,10.00,618.30,"6,183.00",2024-03-05
1305,HRL,2024030505002761,34,45,20.00,618.30,"12,366.00",2024-03-05
1306,HRL,2024030505002762,65,55,30.00,618.30,"18,549.00",2024-03-05
1307,HRL,2024030505002770,65,37,10.00,618.30,"6,183.00",2024-03-05
1308,HRL,2024030505002773,65,4,10.00,618.30,"6,183.00",2024-03-05
1309,HRL,2024030505002776,65,8,10.00,618.30,"6,183.00",2024-03-05
1310,HRL,2024030505002778,6,44,20.00,618.40,"12,368.00",2024-03-05
1311,HRL,2024030505002783,6,58,10.00,618.40,"6,184.00",2024-03-05
1312,HRL,2024030505002784,48,42,20.00,618.50,"12,370.00",2024-03-05
1313,HRL,2024030505002786,48,57,10.00,618.50,"6,185.00",2024-03-05
1314,HRL,2024030505002788,48,21,10.00,618.50,"6,185.00",2024-03-05
1315,HRL,2024030505002790,48,37,50.00,618.50,"30,925.00",2024-03-05
1316,HRL,2024030505002792,65,41,10.00,618.60,"6,186.00",2024-03-05
1317,HRL,2024030505002793,65,58,10.00,618.60,"6,186.00",2024-03-05
1318,HRL,2024030505002795,65,54,10.00,618.60,"6,186.00",2024-03-05
1319,HRL,2024030505002798,65,55,30.00,618.60,"18,558.00",2024-03-05
1320,HRL,2024030505002801,65,6,20.00,618.60,"12,372.00",2024-03-05
1321,HRL,2024030505002809,65,14,10.00,618.60,"6,186.00",2024-03-05
1322,HRL,2024030505002812,65,49,20.00,618.60,"12,372.00",2024-03-05
1323,HRL,2024030505002814,65,55,20.00,618.60,"12,372.00",2024-03-05
1324,HRL,2024030505002818,59,37,10.00,618.70,"6,187.00",2024-03-05
1325,HRL,2024030505002819,59,38,20.00,618.70,"12,374.00",2024-03-05
1326,HRL,2024030505002820,65,36,195.00,619.00,"120,705.00",2024-03-05
1327,HRL,2024030505002822,59,10,20.00,618.70,"12,374.00",2024-03-05
1328,HRL,2024030505002823,38,49,10.00,619.00,"6,190.00",2024-03-05
1329,HRL,2024030505002824,38,45,20.00,619.00,"12,380.00",2024-03-05
1330,HRL,2024030505002825,38,49,10.00,619.00,"6,190.00",2024-03-05
1331,HRL,2024030505002826,38,94,10.00,619.00,"6,190.00",2024-03-05
1332,HRL,2024030505002827,38,51,10.00,619.00,"6,190.00",2024-03-05
1333,HRL,2024030505002828,38,45,10.00,619.00,"6,190.00",2024-03-05
1334,HRL,2024030505002829,38,58,10.00,619.00,"6,190.00",2024-03-05
1335,HRL,2024030505002830,38,6,10.00,619.00,"6,190.00",2024-03-05
1336,HRL,2024030505002831,38,53,110.00,619.00,"68,090.00",2024-03-05
1337,HRL,2024030505002832,59,53,50.00,618.70,"30,935.00",2024-03-05
1338,HRL,2024030505002833,48,53,70.00,618.50,"43,295.00",2024-03-05
1339,HRL,2024030505002835,41,34,20.00,618.70,"12,374.00",2024-03-05
1340,HRL,2024030505002836,41,40,20.00,619.10,"12,382.00",2024-03-05
1341,HRL,2024030505002837,41,58,10.00,620.00,"6,200.00",2024-03-05
1342,HRL,2024030505002838,41,58,10.00,620.00,"6,200.00",2024-03-05
1343,HRL,2024030505002839,41,45,10.00,620.00,"6,200.00",2024-03-05
1344,HRL,2024030505002840,41,75,205.00,620.00,"127,100.00",2024-03-05
1345,HRL,2024030505002842,48,58,10.00,618.50,"6,185.00",2024-03-05
1346,HRL,2024030505002843,48,49,10.00,618.50,"6,185.00",2024-03-05
1347,HRL,2024030505002845,48,49,10.00,618.50,"6,185.00",2024-03-05
1348,HRL,2024030505002859,65,36,15.00,619.00,"9,285.00",2024-03-05
1349,HRL,2024030505002860,21,34,10.00,619.00,"6,190.00",2024-03-05
1350,HRL,2024030505002866,21,42,10.00,619.00,"6,190.00",2024-03-05
1351,HRL,2024030505002867,57,42,30.00,618.60,"18,558.00",2024-03-05
1352,HRL,2024030505002872,57,55,20.00,618.60,"12,372.00",2024-03-05
1353,HRL,2024030505002876,57,37,10.00,618.60,"6,186.00",2024-03-05
1354,HRL,2024030505002878,71,14,14.00,619.90,"8,678.60",2024-03-05
1355,HRL,2024030505002879,8,34,10.00,618.70,"6,187.00",2024-03-05
1356,HRL,2024030505002883,8,49,10.00,618.70,"6,187.00",2024-03-05
1357,HRL,2024030505002884,22,38,10.00,619.00,"6,190.00",2024-03-05
1358,HRL,2024030505002886,22,5,10.00,619.00,"6,190.00",2024-03-05
1359,HRL,2024030505002887,22,59,10.00,619.00,"6,190.00",2024-03-05
1360,HRL,2024030505002888,22,17,20.00,619.00,"12,380.00",2024-03-05
1361,HRL,2024030505002890,22,42,20.00,619.00,"12,380.00",2024-03-05
1362,HRL,2024030505002891,22,49,10.00,619.00,"6,190.00",2024-03-05
1363,HRL,2024030505002895,22,38,10.00,619.00,"6,190.00",2024-03-05
1364,HRL,2024030505002899,37,14,130.00,619.90,"80,587.00",2024-03-05
1365,HRL,2024030505002901,22,58,10.00,619.00,"6,190.00",2024-03-05
1366,HRL,2024030505002902,29,14,10.00,618.80,"6,188.00",2024-03-05
1367,HRL,2024030505002904,29,34,20.00,618.80,"12,376.00",2024-03-05
1368,HRL,2024030505002905,58,57,10.00,619.00,"6,190.00",2024-03-05
1369,HRL,2024030505002906,37,45,20.00,619.00,"12,380.00",2024-03-05
1370,HRL,2024030505002907,37,33,20.00,620.00,"12,400.00",2024-03-05
1371,HRL,2024030505002908,37,21,10.00,620.00,"6,200.00",2024-03-05
1372,HRL,2024030505002909,37,50,10.00,620.00,"6,200.00",2024-03-05
1373,HRL,2024030505002910,37,57,10.00,620.00,"6,200.00",2024-03-05
1374,HRL,2024030505002911,37,16,20.00,620.00,"12,400.00",2024-03-05
1375,HRL,2024030505002912,37,18,100.00,620.00,"62,000.00",2024-03-05
1376,HRL,2024030505002913,37,5,100.00,620.00,"62,000.00",2024-03-05
1377,HRL,2024030505002914,37,16,10.00,620.00,"6,200.00",2024-03-05
1378,HRL,2024030505002915,57,35,10.00,618.90,"6,189.00",2024-03-05
1379,HRL,2024030505002919,57,55,10.00,618.90,"6,189.00",2024-03-05
1380,HRL,2024030505002927,49,34,30.00,619.00,"18,570.00",2024-03-05
1381,HRL,2024030505002928,49,38,10.00,619.00,"6,190.00",2024-03-05
1382,HRL,2024030505002930,49,49,10.00,619.00,"6,190.00",2024-03-05
1383,HRL,2024030505002933,29,42,10.00,619.10,"6,191.00",2024-03-05
1384,HRL,2024030505002934,29,49,10.00,619.10,"6,191.00",2024-03-05
1385,HRL,2024030505002935,29,41,10.00,619.10,"6,191.00",2024-03-05
1386,HRL,2024030505002936,29,34,20.00,619.10,"12,382.00",2024-03-05
1387,HRL,2024030505002937,29,37,20.00,619.10,"12,382.00",2024-03-05
1388,HRL,2024030505002938,29,55,30.00,619.10,"18,573.00",2024-03-05
1389,HRL,2024030505002944,29,8,10.00,619.10,"6,191.00",2024-03-05
1390,HRL,2024030505002945,29,37,10.00,619.10,"6,191.00",2024-03-05
1391,HRL,2024030505002946,29,58,10.00,619.10,"6,191.00",2024-03-05
1392,HRL,2024030505002947,29,38,20.00,619.10,"12,382.00",2024-03-05
1393,HRL,2024030505002952,29,38,10.00,619.10,"6,191.00",2024-03-05
1394,HRL,2024030505002953,29,17,10.00,619.10,"6,191.00",2024-03-05
1395,HRL,2024030505002954,49,17,10.00,619.00,"6,190.00",2024-03-05
1396,HRL,2024030505002955,42,16,10.00,620.00,"6,200.00",2024-03-05
1397,HRL,2024030505002956,42,38,10.00,620.00,"6,200.00",2024-03-05
1398,HRL,2024030505002957,42,50,20.00,620.00,"12,400.00",2024-03-05
1399,HRL,2024030505002958,42,16,10.00,620.00,"6,200.00",2024-03-05
1400,HRL,2024030505002959,42,42,10.00,620.00,"6,200.00",2024-03-05
1401,HRL,2024030505002960,42,52,30.00,620.00,"18,600.00",2024-03-05
1402,HRL,2024030505002961,42,16,20.00,620.00,"12,400.00",2024-03-05
1403,HRL,2024030505002962,42,10,10.00,620.00,"6,200.00",2024-03-05
1404,HRL,2024030505002963,42,49,10.00,620.00,"6,200.00",2024-03-05
1405,HRL,2024030505002964,42,57,50.00,620.00,"31,000.00",2024-03-05
1406,HRL,2024030505002965,42,42,10.00,620.00,"6,200.00",2024-03-05
1407,HRL,2024030505002966,42,94,20.00,620.00,"12,400.00",2024-03-05
1408,HRL,2024030505002967,42,45,20.00,620.00,"12,400.00",2024-03-05
1409,HRL,2024030505002968,42,25,10.00,620.00,"6,200.00",2024-03-05
1410,HRL,2024030505002969,42,75,10.00,620.00,"6,200.00",2024-03-05
1411,HRL,2024030505002970,42,43,30.00,620.00,"18,600.00",2024-03-05
1412,HRL,2024030505002971,42,52,42.00,620.00,"26,040.00",2024-03-05
1413,HRL,2024030505002974,49,42,30.00,619.00,"18,570.00",2024-03-05
1414,HRL,2024030505002975,49,38,10.00,619.00,"6,190.00",2024-03-05
1415,HRL,2024030505002977,49,49,10.00,619.00,"6,190.00",2024-03-05
1416,HRL,2024030505002978,44,94,10.00,620.00,"6,200.00",2024-03-05
1417,HRL,2024030505002979,44,58,20.00,620.00,"12,400.00",2024-03-05
1418,HRL,2024030505002980,44,21,10.00,620.00,"6,200.00",2024-03-05
1419,HRL,2024030505002981,44,42,10.00,620.00,"6,200.00",2024-03-05
1420,HRL,2024030505002983,44,35,10.00,620.00,"6,200.00",2024-03-05
1421,HRL,2024030505002985,44,37,10.00,620.00,"6,200.00",2024-03-05
1422,HRL,2024030505002986,44,36,10.00,620.00,"6,200.00",2024-03-05
1423,HRL,2024030505002989,43,58,10.00,621.00,"6,210.00",2024-03-05
1424,HRL,2024030505002990,43,58,10.00,621.00,"6,210.00",2024-03-05
1425,HRL,2024030505002991,43,52,10.00,621.00,"6,210.00",2024-03-05
1426,HRL,2024030505002992,43,42,10.00,621.00,"6,210.00",2024-03-05
1427,HRL,2024030505002993,43,49,10.00,621.00,"6,210.00",2024-03-05
1428,HRL,2024030505002994,14,49,10.00,620.10,"6,201.00",2024-03-05
1429,HRL,2024030505002995,14,38,10.00,620.10,"6,201.00",2024-03-05
1430,HRL,2024030505002996,14,77,480.00,620.10,"297,648.00",2024-03-05
1431,HRL,2024030505002997,44,77,70.00,620.00,"43,400.00",2024-03-05
1432,HRL,2024030505002998,41,77,370.00,620.00,"229,400.00",2024-03-05
1433,HRL,2024030505003001,55,55,20.00,619.10,"12,382.00",2024-03-05
1434,HRL,2024030505003007,55,38,10.00,619.10,"6,191.00",2024-03-05
1435,HRL,2024030505003008,38,77,100.00,620.00,"62,000.00",2024-03-05
1436,HRL,2024030505003009,41,34,10.00,620.00,"6,200.00",2024-03-05
1437,HRL,2024030505003010,41,57,10.00,620.00,"6,200.00",2024-03-05
1438,HRL,2024030505003013,41,38,10.00,620.00,"6,200.00",2024-03-05
1439,HRL,2024030505003015,41,57,10.00,620.00,"6,200.00",2024-03-05
1440,HRL,2024030505003016,41,36,10.00,620.00,"6,200.00",2024-03-05
1441,HRL,2024030505003017,41,42,10.00,620.00,"6,200.00",2024-03-05
1442,HRL,2024030505003018,41,55,30.00,620.00,"18,600.00",2024-03-05
1443,HRL,2024030505003023,41,38,10.00,620.00,"6,200.00",2024-03-05
1444,HRL,2024030505003024,55,42,30.00,619.10,"18,573.00",2024-03-05
1445,HRL,2024030505003026,55,58,20.00,619.10,"12,382.00",2024-03-05
1446,HRL,2024030505003027,55,14,20.00,619.10,"12,382.00",2024-03-05
1447,HRL,2024030505003033,36,17,10.00,619.20,"6,192.00",2024-03-05
1448,HRL,2024030505003035,38,45,20.00,619.30,"12,386.00",2024-03-05
1449,HRL,2024030505003036,42,62,10.00,620.00,"6,200.00",2024-03-05
1450,HRL,2024030505003037,42,49,10.00,620.00,"6,200.00",2024-03-05
1451,HRL,2024030505003038,38,55,30.00,619.30,"18,579.00",2024-03-05
1452,HRL,2024030505003039,38,57,10.00,619.30,"6,193.00",2024-03-05
1453,HRL,2024030505003046,38,48,10.00,619.30,"6,193.00",2024-03-05
1454,HRL,2024030505003050,36,48,10.00,619.40,"6,194.00",2024-03-05
1455,HRL,2024030505003051,58,49,10.00,620.00,"6,200.00",2024-03-05
1456,HRL,2024030505003052,58,52,10.00,620.00,"6,200.00",2024-03-05
1457,HRL,2024030505003053,58,58,10.00,620.00,"6,200.00",2024-03-05
1458,HRL,2024030505003054,58,1,20.00,620.00,"12,400.00",2024-03-05
1459,HRL,2024030505003055,58,47,20.00,620.00,"12,400.00",2024-03-05
1460,HRL,2024030505003056,58,14,10.00,620.00,"6,200.00",2024-03-05
1461,HRL,2024030505003057,58,17,10.00,620.00,"6,200.00",2024-03-05
1462,HRL,2024030505003058,58,21,10.00,620.00,"6,200.00",2024-03-05
1463,HRL,2024030505003059,58,35,10.00,620.00,"6,200.00",2024-03-05
1464,HRL,2024030505003062,58,45,10.00,620.00,"6,200.00",2024-03-05
1465,HRL,2024030505003063,58,22,10.00,620.00,"6,200.00",2024-03-05
1466,HRL,2024030505003071,58,14,10.00,620.00,"6,200.00",2024-03-05
1467,HRL,2024030505003072,58,6,20.00,620.00,"12,400.00",2024-03-05
1468,HRL,2024030505003074,58,55,20.00,620.00,"12,400.00",2024-03-05
1469,HRL,2024030505003075,58,57,10.00,620.00,"6,200.00",2024-03-05
1470,HRL,2024030505003076,58,34,30.00,620.00,"18,600.00",2024-03-05
1471,HRL,2024030505003077,58,43,20.00,620.00,"12,400.00",2024-03-05
1472,HRL,2024030505003097,22,25,100.00,621.00,"62,100.00",2024-03-05
1473,HRL,2024030505003098,58,57,10.00,620.00,"6,200.00",2024-03-05
1474,HRL,2024030505003099,58,21,20.00,620.00,"12,400.00",2024-03-05
1475,HRL,2024030505003103,58,59,10.00,620.00,"6,200.00",2024-03-05
1476,HRL,2024030505003104,58,17,10.00,620.00,"6,200.00",2024-03-05
1477,HRL,2024030505003105,58,49,10.00,620.00,"6,200.00",2024-03-05
1478,HRL,2024030505003106,58,35,10.00,620.00,"6,200.00",2024-03-05
1479,HRL,2024030505003107,58,42,10.00,620.00,"6,200.00",2024-03-05
1480,HRL,2024030505003108,58,58,10.00,620.00,"6,200.00",2024-03-05
1481,HRL,2024030505003111,58,14,10.00,620.00,"6,200.00",2024-03-05
1482,HRL,2024030505003115,58,45,50.00,620.00,"31,000.00",2024-03-05
1483,HRL,2024030505003117,58,41,10.00,620.00,"6,200.00",2024-03-05
1484,HRL,2024030505003118,58,35,10.00,620.00,"6,200.00",2024-03-05
1485,HRL,2024030505003120,58,16,20.00,620.00,"12,400.00",2024-03-05
1486,HRL,2024030505003126,58,38,10.00,620.00,"6,200.00",2024-03-05
1487,HRL,2024030505003127,58,57,10.00,620.00,"6,200.00",2024-03-05
1488,HRL,2024030505003128,58,58,10.00,620.00,"6,200.00",2024-03-05
1489,HRL,2024030505003129,58,49,10.00,620.00,"6,200.00",2024-03-05
1490,HRL,2024030505003130,58,37,20.00,620.00,"12,400.00",2024-03-05
1491,HRL,2024030505003132,58,55,10.00,620.00,"6,200.00",2024-03-05
1492,HRL,2024030505003133,45,55,10.00,620.00,"6,200.00",2024-03-05
