SN,Symbol,Transaction No.,Buyer Broker,Seller Broker,Share Quantity,Rate(Rs),Amount(Rs),Traded Date
1,HRL,2024032805000002,49,7,10.00,602.00,"6,020.00",2024-03-28
2,HRL,2024032805000003,43,47,1.00,590.00,590.00,2024-03-28
3,HRL,2024032805000004,22,58,60.00,602.00,"36,120.00",2024-03-28
4,HRL,2024032805000005,22,49,10.00,602.00,"6,020.00",2024-03-28
5,HRL,2024032805000006,22,36,10.00,602.00,"6,020.00",2024-03-28
6,HRL,2024032805000008,26,55,10.00,602.00,"6,020.00",2024-03-28
7,HRL,2024032805000009,26,28,20.00,602.00,"12,040.00",2024-03-28
8,HRL,2024032805000011,35,35,10.00,602.00,"6,020.00",2024-03-28
9,HRL,2024032805000013,35,42,10.00,602.00,"6,020.00",2024-03-28
10,HRL,2024032805000015,35,38,10.00,602.00,"6,020.00",2024-03-28
11,HRL,2024032805000016,35,38,10.00,602.00,"6,020.00",2024-03-28
12,HRL,2024032805000017,35,60,10.00,602.00,"6,020.00",2024-03-28
13,HRL,2024032805000018,35,45,20.00,602.00,"12,040.00",2024-03-28
14,HRL,2024032805000020,35,48,10.00,602.00,"6,020.00",2024-03-28
15,HRL,2024032805000021,35,38,10.00,602.00,"6,020.00",2024-03-28
16,HRL,2024032805000023,51,59,10.00,607.90,"6,079.00",2024-03-28
17,HRL,2024032805000024,25,21,10.00,602.20,"6,022.00",2024-03-28
18,HRL,2024032805000027,74,58,10.00,603.00,"6,030.00",2024-03-28
19,HRL,2024032805000028,74,35,10.00,603.00,"6,030.00",2024-03-28
20,HRL,2024032805000029,25,11,20.00,603.50,"12,070.00",2024-03-28
21,HRL,2024032805000033,25,8,10.00,603.50,"6,035.00",2024-03-28
22,HRL,2024032805000034,25,42,10.00,605.00,"6,050.00",2024-03-28
23,HRL,2024032805000035,25,45,20.00,605.00,"12,100.00",2024-03-28
24,HRL,2024032805000036,25,58,10.00,605.00,"6,050.00",2024-03-28
25,HRL,2024032805000037,25,16,20.00,605.00,"12,100.00",2024-03-28
26,HRL,2024032805000039,74,35,20.00,603.00,"12,060.00",2024-03-28
27,HRL,2024032805000045,74,45,10.00,603.00,"6,030.00",2024-03-28
28,HRL,2024032805000048,74,52,10.00,603.00,"6,030.00",2024-03-28
29,HRL,2024032805000049,74,32,10.00,603.00,"6,030.00",2024-03-28
30,HRL,2024032805000050,74,38,10.00,603.00,"6,030.00",2024-03-28
31,HRL,2024032805000052,74,1,20.00,603.00,"12,060.00",2024-03-28
32,HRL,2024032805000053,42,1,230.00,603.00,"138,690.00",2024-03-28
33,HRL,2024032805000054,42,45,20.00,603.00,"12,060.00",2024-03-28
34,HRL,2024032805000055,62,42,20.00,603.00,"12,060.00",2024-03-28
35,HRL,2024032805000058,62,87,80.00,603.00,"48,240.00",2024-03-28
36,HRL,2024032805000059,45,87,10.00,603.00,"6,030.00",2024-03-28
37,HRL,2024032805000060,45,87,10.00,603.00,"6,030.00",2024-03-28
38,HRL,2024032805000061,45,58,20.00,603.00,"12,060.00",2024-03-28
39,HRL,2024032805000062,45,13,10.00,603.00,"6,030.00",2024-03-28
40,HRL,2024032805000063,45,21,10.00,603.00,"6,030.00",2024-03-28
41,HRL,2024032805000065,45,68,20.00,603.00,"12,060.00",2024-03-28
42,HRL,2024032805000068,45,77,10.00,603.00,"6,030.00",2024-03-28
43,HRL,2024032805000072,45,17,20.00,603.10,"12,062.00",2024-03-28
44,HRL,2024032805000073,45,17,10.00,603.00,"6,030.00",2024-03-28
45,HRL,2024032805000074,45,75,20.00,603.00,"12,060.00",2024-03-28
46,HRL,2024032805000075,45,58,10.00,603.00,"6,030.00",2024-03-28
47,HRL,2024032805000076,45,47,135.00,603.00,"81,405.00",2024-03-28
48,HRL,2024032805000078,45,45,10.00,603.00,"6,030.00",2024-03-28
49,HRL,2024032805000079,1,8,10.00,604.00,"6,040.00",2024-03-28
50,HRL,2024032805000080,45,49,10.00,603.00,"6,030.00",2024-03-28
51,HRL,2024032805000081,50,8,10.00,604.00,"6,040.00",2024-03-28
52,HRL,2024032805000085,50,55,10.00,604.00,"6,040.00",2024-03-28
53,HRL,2024032805000088,45,48,10.00,603.00,"6,030.00",2024-03-28
54,HRL,2024032805000089,45,35,10.00,603.00,"6,030.00",2024-03-28
55,HRL,2024032805000090,74,45,20.00,603.10,"12,062.00",2024-03-28
56,HRL,2024032805000091,74,52,10.00,603.10,"6,031.00",2024-03-28
57,HRL,2024032805000092,74,45,20.00,603.10,"12,062.00",2024-03-28
58,HRL,2024032805000094,74,6,10.00,603.10,"6,031.00",2024-03-28
59,HRL,2024032805000095,74,16,20.00,603.10,"12,062.00",2024-03-28
60,HRL,2024032805000096,56,44,20.00,604.00,"12,080.00",2024-03-28
61,HRL,2024032805000098,74,55,20.00,603.10,"12,062.00",2024-03-28
62,HRL,2024032805000102,45,45,10.00,603.00,"6,030.00",2024-03-28
63,HRL,2024032805000104,45,44,10.00,603.00,"6,030.00",2024-03-28
64,HRL,2024032805000108,54,34,10.00,603.10,"6,031.00",2024-03-28
65,HRL,2024032805000110,45,46,20.00,603.00,"12,060.00",2024-03-28
66,HRL,2024032805000112,42,34,10.00,603.10,"6,031.00",2024-03-28
67,HRL,2024032805000114,39,6,20.00,603.10,"12,062.00",2024-03-28
68,HRL,2024032805000115,39,35,10.00,603.10,"6,031.00",2024-03-28
69,HRL,2024032805000116,39,58,10.00,603.10,"6,031.00",2024-03-28
70,HRL,2024032805000117,39,41,10.00,603.10,"6,031.00",2024-03-28
71,HRL,2024032805000118,45,11,20.00,603.00,"12,060.00",2024-03-28
72,HRL,2024032805000120,45,56,20.00,603.00,"12,060.00",2024-03-28
73,HRL,2024032805000121,45,49,10.00,603.00,"6,030.00",2024-03-28
74,HRL,2024032805000122,45,58,20.00,603.00,"12,060.00",2024-03-28
75,HRL,2024032805000123,45,47,10.00,603.00,"6,030.00",2024-03-28
76,HRL,2024032805000124,45,48,20.00,603.00,"12,060.00",2024-03-28
77,HRL,2024032805000125,45,26,10.00,603.00,"6,030.00",2024-03-28
78,HRL,2024032805000127,45,7,10.00,603.00,"6,030.00",2024-03-28
79,HRL,2024032805000128,45,49,10.00,603.00,"6,030.00",2024-03-28
80,HRL,2024032805000129,45,36,15.00,603.00,"9,045.00",2024-03-28
81,HRL,2024032805000130,45,58,10.00,603.00,"6,030.00",2024-03-28
82,HRL,2024032805000131,45,17,10.00,603.00,"6,030.00",2024-03-28
83,HRL,2024032805000132,17,17,10.00,603.00,"6,030.00",2024-03-28
84,HRL,2024032805000133,17,6,10.00,603.00,"6,030.00",2024-03-28
85,HRL,2024032805000135,35,57,20.00,602.00,"12,040.00",2024-03-28
86,HRL,2024032805000136,35,58,10.00,602.00,"6,020.00",2024-03-28
87,HRL,2024032805000138,35,14,10.00,602.00,"6,020.00",2024-03-28
88,HRL,2024032805000139,35,85,70.00,602.00,"42,140.00",2024-03-28
89,HRL,2024032805000140,45,85,130.00,602.00,"78,260.00",2024-03-28
90,HRL,2024032805000141,34,42,20.00,603.00,"12,060.00",2024-03-28
91,HRL,2024032805000142,34,26,10.00,603.00,"6,030.00",2024-03-28
92,HRL,2024032805000143,45,1,10.00,602.00,"6,020.00",2024-03-28
93,HRL,2024032805000144,45,57,360.00,602.00,"216,720.00",2024-03-28
94,HRL,2024032805000145,6,57,100.00,602.00,"60,200.00",2024-03-28
95,HRL,2024032805000146,1,57,40.00,602.00,"24,080.00",2024-03-28
96,HRL,2024032805000148,1,58,10.00,602.00,"6,020.00",2024-03-28
97,HRL,2024032805000149,1,57,10.00,602.00,"6,020.00",2024-03-28
98,HRL,2024032805000150,51,57,100.00,602.00,"60,200.00",2024-03-28
99,HRL,2024032805000151,43,34,20.00,601.50,"12,030.00",2024-03-28
100,HRL,2024032805000154,43,57,20.00,601.50,"12,030.00",2024-03-28
101,HRL,2024032805000157,7,46,20.00,601.30,"12,026.00",2024-03-28
102,HRL,2024032805000158,7,28,10.00,601.30,"6,013.00",2024-03-28
103,HRL,2024032805000159,7,34,20.00,601.30,"12,026.00",2024-03-28
104,HRL,2024032805000162,7,58,10.00,601.30,"6,013.00",2024-03-28
105,HRL,2024032805000163,7,56,10.00,601.30,"6,013.00",2024-03-28
106,HRL,2024032805000167,7,49,10.00,601.30,"6,013.00",2024-03-28
107,HRL,2024032805000170,29,50,10.00,601.40,"6,014.00",2024-03-28
108,HRL,2024032805000172,29,29,10.00,601.40,"6,014.00",2024-03-28
109,HRL,2024032805000173,34,29,10.00,601.40,"6,014.00",2024-03-28
110,HRL,2024032805000174,34,43,10.00,601.40,"6,014.00",2024-03-28
111,HRL,2024032805000177,7,58,20.00,601.30,"12,026.00",2024-03-28
112,HRL,2024032805000179,35,38,10.00,601.30,"6,013.00",2024-03-28
113,HRL,2024032805000181,33,14,10.00,601.50,"6,015.00",2024-03-28
114,HRL,2024032805000182,35,53,20.00,601.30,"12,026.00",2024-03-28
115,HRL,2024032805000183,35,36,10.00,601.30,"6,013.00",2024-03-28
116,HRL,2024032805000184,35,58,20.00,601.30,"12,026.00",2024-03-28
117,HRL,2024032805000185,35,41,20.00,601.30,"12,026.00",2024-03-28
118,HRL,2024032805000186,35,21,10.00,601.30,"6,013.00",2024-03-28
119,HRL,2024032805000187,74,77,10.00,601.50,"6,015.00",2024-03-28
120,HRL,2024032805000189,74,38,10.00,601.50,"6,015.00",2024-03-28
121,HRL,2024032805000190,50,11,10.00,601.50,"6,015.00",2024-03-28
122,HRL,2024032805000192,35,28,10.00,601.30,"6,013.00",2024-03-28
123,HRL,2024032805000193,35,35,10.00,601.30,"6,013.00",2024-03-28
124,HRL,2024032805000195,35,11,10.00,601.30,"6,013.00",2024-03-28
125,HRL,2024032805000196,35,6,30.00,601.30,"18,039.00",2024-03-28
126,HRL,2024032805000205,35,57,20.00,601.30,"12,026.00",2024-03-28
127,HRL,2024032805000206,35,57,10.00,601.30,"6,013.00",2024-03-28
128,HRL,2024032805000211,35,49,10.00,601.30,"6,013.00",2024-03-28
129,HRL,2024032805000212,35,58,10.00,601.30,"6,013.00",2024-03-28
130,HRL,2024032805000213,35,28,10.00,601.30,"6,013.00",2024-03-28
131,HRL,2024032805000222,35,34,10.00,601.30,"6,013.00",2024-03-28
132,HRL,2024032805000223,35,7,10.00,601.30,"6,013.00",2024-03-28
133,HRL,2024032805000226,35,58,10.00,601.30,"6,013.00",2024-03-28
134,HRL,2024032805000227,38,58,100.00,601.30,"60,130.00",2024-03-28
135,HRL,2024032805000228,45,58,10.00,601.20,"6,012.00",2024-03-28
136,HRL,2024032805000229,45,57,10.00,601.20,"6,012.00",2024-03-28
137,HRL,2024032805000231,45,32,10.00,601.20,"6,012.00",2024-03-28
138,HRL,2024032805000233,45,57,20.00,601.20,"12,024.00",2024-03-28
139,HRL,2024032805000235,45,45,20.00,601.20,"12,024.00",2024-03-28
140,HRL,2024032805000236,45,35,20.00,601.20,"12,024.00",2024-03-28
141,HRL,2024032805000237,45,28,10.00,601.20,"6,012.00",2024-03-28
142,HRL,2024032805000240,22,58,20.00,601.20,"12,024.00",2024-03-28
143,HRL,2024032805000241,22,14,20.00,601.20,"12,024.00",2024-03-28
144,HRL,2024032805000242,22,47,20.00,601.20,"12,024.00",2024-03-28
145,HRL,2024032805000243,22,21,10.00,601.20,"6,012.00",2024-03-28
146,HRL,2024032805000244,22,38,10.00,601.20,"6,012.00",2024-03-28
147,HRL,2024032805000245,22,26,10.00,601.20,"6,012.00",2024-03-28
148,HRL,2024032805000246,22,58,10.00,601.20,"6,012.00",2024-03-28
149,HRL,2024032805000252,22,57,10.00,601.20,"6,012.00",2024-03-28
150,HRL,2024032805000253,22,44,30.00,601.20,"18,036.00",2024-03-28
151,HRL,2024032805000255,22,58,10.00,601.20,"6,012.00",2024-03-28
152,HRL,2024032805000257,22,7,10.00,601.20,"6,012.00",2024-03-28
153,HRL,2024032805000260,67,58,10.00,601.30,"6,013.00",2024-03-28
154,HRL,2024032805000261,67,7,10.00,601.30,"6,013.00",2024-03-28
155,HRL,2024032805000262,48,57,100.00,602.00,"60,200.00",2024-03-28
156,HRL,2024032805000263,67,49,10.00,601.30,"6,013.00",2024-03-28
157,HRL,2024032805000264,67,16,10.00,601.30,"6,013.00",2024-03-28
158,HRL,2024032805000265,7,57,80.00,602.00,"48,160.00",2024-03-28
159,HRL,2024032805000266,57,7,10.00,601.40,"6,014.00",2024-03-28
160,HRL,2024032805000267,57,46,10.00,601.40,"6,014.00",2024-03-28
161,HRL,2024032805000268,57,17,20.00,601.40,"12,028.00",2024-03-28
162,HRL,2024032805000269,57,45,10.00,601.40,"6,014.00",2024-03-28
163,HRL,2024032805000271,57,52,10.00,601.40,"6,014.00",2024-03-28
164,HRL,2024032805000272,57,58,10.00,601.40,"6,014.00",2024-03-28
165,HRL,2024032805000273,57,49,10.00,601.40,"6,014.00",2024-03-28
166,HRL,2024032805000274,57,37,10.00,601.40,"6,014.00",2024-03-28
167,HRL,2024032805000275,57,11,10.00,601.40,"6,014.00",2024-03-28
168,HRL,2024032805000276,42,11,10.00,601.40,"6,014.00",2024-03-28
169,HRL,2024032805000277,42,49,10.00,601.40,"6,014.00",2024-03-28
170,HRL,2024032805000278,42,49,10.00,601.40,"6,014.00",2024-03-28
171,HRL,2024032805000279,67,17,20.00,601.30,"12,026.00",2024-03-28
172,HRL,2024032805000287,67,35,10.00,601.30,"6,013.00",2024-03-28
173,HRL,2024032805000289,67,45,20.00,601.30,"12,026.00",2024-03-28
174,HRL,2024032805000292,67,58,10.00,601.30,"6,013.00",2024-03-28
175,HRL,2024032805000293,67,58,10.00,601.30,"6,013.00",2024-03-28
176,HRL,2024032805000294,67,49,10.00,601.30,"6,013.00",2024-03-28
177,HRL,2024032805000297,45,42,30.00,601.40,"18,042.00",2024-03-28
178,HRL,2024032805000301,45,57,10.00,602.00,"6,020.00",2024-03-28
179,HRL,2024032805000303,45,49,10.00,601.40,"6,014.00",2024-03-28
180,HRL,2024032805000304,45,58,40.00,601.40,"24,056.00",2024-03-28
181,HRL,2024032805000305,38,4,20.00,601.50,"12,030.00",2024-03-28
182,HRL,2024032805000306,38,16,10.00,601.50,"6,015.00",2024-03-28
183,HRL,2024032805000308,38,16,10.00,601.50,"6,015.00",2024-03-28
184,HRL,2024032805000309,38,4,30.00,601.50,"18,045.00",2024-03-28
185,HRL,2024032805000312,38,14,20.00,601.50,"12,030.00",2024-03-28
186,HRL,2024032805000313,38,58,10.00,601.50,"6,015.00",2024-03-28
187,HRL,2024032805000315,45,38,10.00,601.40,"6,014.00",2024-03-28
188,HRL,2024032805000332,45,25,10.00,601.40,"6,014.00",2024-03-28
189,HRL,2024032805000333,67,25,80.00,601.30,"48,104.00",2024-03-28
190,HRL,2024032805000334,57,25,10.00,601.30,"6,013.00",2024-03-28
191,HRL,2024032805000339,57,49,10.00,601.30,"6,013.00",2024-03-28
192,HRL,2024032805000340,57,38,10.00,601.30,"6,013.00",2024-03-28
193,HRL,2024032805000341,38,49,10.00,601.40,"6,014.00",2024-03-28
194,HRL,2024032805000342,38,11,10.00,601.40,"6,014.00",2024-03-28
195,HRL,2024032805000343,57,11,10.00,601.30,"6,013.00",2024-03-28
196,HRL,2024032805000345,57,58,20.00,601.30,"12,026.00",2024-03-28
197,HRL,2024032805000347,57,57,10.00,601.30,"6,013.00",2024-03-28
198,HRL,2024032805000348,57,25,30.00,601.30,"18,039.00",2024-03-28
199,HRL,2024032805000349,56,25,20.00,601.30,"12,026.00",2024-03-28
200,HRL,2024032805000350,17,58,20.00,601.50,"12,030.00",2024-03-28
201,HRL,2024032805000351,17,62,20.00,601.50,"12,030.00",2024-03-28
202,HRL,2024032805000352,56,51,20.00,601.30,"12,026.00",2024-03-28
203,HRL,2024032805000353,22,10,40.00,601.20,"24,048.00",2024-03-28
204,HRL,2024032805000354,49,10,10.00,601.20,"6,012.00",2024-03-28
205,HRL,2024032805000355,45,10,100.00,601.20,"60,120.00",2024-03-28
206,HRL,2024032805000356,72,10,50.00,601.10,"30,055.00",2024-03-28
207,HRL,2024032805000358,33,58,10.00,601.50,"6,015.00",2024-03-28
208,HRL,2024032805000362,17,58,10.00,601.20,"6,012.00",2024-03-28
209,HRL,2024032805000363,17,55,30.00,601.20,"18,036.00",2024-03-28
210,HRL,2024032805000364,17,58,10.00,601.20,"6,012.00",2024-03-28
211,HRL,2024032805000366,17,35,20.00,601.20,"12,024.00",2024-03-28
212,HRL,2024032805000367,41,58,40.00,601.30,"24,052.00",2024-03-28
213,HRL,2024032805000369,17,58,10.00,601.20,"6,012.00",2024-03-28
214,HRL,2024032805000371,17,4,20.00,601.20,"12,024.00",2024-03-28
215,HRL,2024032805000372,72,58,10.00,601.10,"6,011.00",2024-03-28
216,HRL,2024032805000373,72,51,20.00,601.10,"12,022.00",2024-03-28
217,HRL,2024032805000374,38,34,10.00,601.30,"6,013.00",2024-03-28
218,HRL,2024032805000375,38,57,40.00,602.00,"24,080.00",2024-03-28
219,HRL,2024032805000376,72,58,10.00,601.10,"6,011.00",2024-03-28
220,HRL,2024032805000377,72,26,10.00,601.10,"6,011.00",2024-03-28
221,HRL,2024032805000379,34,11,20.00,601.10,"12,022.00",2024-03-28
222,HRL,2024032805000381,34,38,40.00,601.10,"24,044.00",2024-03-28
223,HRL,2024032805000382,34,56,16.00,601.10,"9,617.60",2024-03-28
224,HRL,2024032805000384,34,52,40.00,601.10,"24,044.00",2024-03-28
225,HRL,2024032805000386,34,16,10.00,601.10,"6,011.00",2024-03-28
226,HRL,2024032805000388,34,58,20.00,601.10,"12,022.00",2024-03-28
227,HRL,2024032805000399,34,4,10.00,601.10,"6,011.00",2024-03-28
228,HRL,2024032805000401,34,49,10.00,601.10,"6,011.00",2024-03-28
229,HRL,2024032805000403,34,48,20.00,601.10,"12,022.00",2024-03-28
230,HRL,2024032805000404,34,58,10.00,601.10,"6,011.00",2024-03-28
231,HRL,2024032805000405,42,48,10.00,601.10,"6,011.00",2024-03-28
232,HRL,2024032805000407,42,58,10.00,601.10,"6,011.00",2024-03-28
233,HRL,2024032805000408,42,42,10.00,601.10,"6,011.00",2024-03-28
234,HRL,2024032805000410,42,46,10.00,601.10,"6,011.00",2024-03-28
235,HRL,2024032805000411,42,58,30.00,601.10,"18,033.00",2024-03-28
236,HRL,2024032805000412,42,58,10.00,601.10,"6,011.00",2024-03-28
237,HRL,2024032805000413,65,58,10.00,601.50,"6,015.00",2024-03-28
238,HRL,2024032805000418,65,58,10.00,601.50,"6,015.00",2024-03-28
239,HRL,2024032805000419,65,34,10.00,601.50,"6,015.00",2024-03-28
240,HRL,2024032805000420,65,41,10.00,601.50,"6,015.00",2024-03-28
241,HRL,2024032805000421,45,57,10.00,602.00,"6,020.00",2024-03-28
242,HRL,2024032805000422,65,38,10.00,601.50,"6,015.00",2024-03-28
243,HRL,2024032805000424,42,4,10.00,601.10,"6,011.00",2024-03-28
244,HRL,2024032805000425,42,6,10.00,601.10,"6,011.00",2024-03-28
245,HRL,2024032805000426,16,6,10.00,601.10,"6,011.00",2024-03-28
246,HRL,2024032805000427,49,57,145.00,602.00,"87,290.00",2024-03-28
247,HRL,2024032805000428,49,49,20.00,602.00,"12,040.00",2024-03-28
248,HRL,2024032805000429,49,42,10.00,602.00,"6,020.00",2024-03-28
249,HRL,2024032805000430,49,44,10.00,602.00,"6,020.00",2024-03-28
250,HRL,2024032805000431,49,35,30.00,602.00,"18,060.00",2024-03-28
251,HRL,2024032805000432,49,21,20.00,602.00,"12,040.00",2024-03-28
252,HRL,2024032805000433,49,28,10.00,602.00,"6,020.00",2024-03-28
253,HRL,2024032805000434,49,45,10.00,602.00,"6,020.00",2024-03-28
254,HRL,2024032805000435,49,34,10.00,602.00,"6,020.00",2024-03-28
255,HRL,2024032805000436,49,57,50.00,602.00,"30,100.00",2024-03-28
256,HRL,2024032805000437,49,21,10.00,602.00,"6,020.00",2024-03-28
257,HRL,2024032805000438,49,22,20.00,602.00,"12,040.00",2024-03-28
258,HRL,2024032805000439,49,56,20.00,602.00,"12,040.00",2024-03-28
259,HRL,2024032805000440,49,57,10.00,602.00,"6,020.00",2024-03-28
260,HRL,2024032805000441,49,51,10.00,602.00,"6,020.00",2024-03-28
261,HRL,2024032805000442,49,50,10.00,602.00,"6,020.00",2024-03-28
262,HRL,2024032805000443,49,45,20.00,602.00,"12,040.00",2024-03-28
263,HRL,2024032805000444,49,28,10.00,602.00,"6,020.00",2024-03-28
264,HRL,2024032805000445,49,62,30.00,602.00,"18,060.00",2024-03-28
265,HRL,2024032805000446,49,52,20.00,602.00,"12,040.00",2024-03-28
266,HRL,2024032805000447,49,60,10.00,602.00,"6,020.00",2024-03-28
267,HRL,2024032805000448,49,51,10.00,602.00,"6,020.00",2024-03-28
268,HRL,2024032805000449,16,42,10.00,601.10,"6,011.00",2024-03-28
269,HRL,2024032805000451,16,34,20.00,601.10,"12,022.00",2024-03-28
270,HRL,2024032805000452,16,58,10.00,601.10,"6,011.00",2024-03-28
271,HRL,2024032805000453,74,58,20.00,602.00,"12,040.00",2024-03-28
272,HRL,2024032805000454,74,41,10.00,602.00,"6,020.00",2024-03-28
273,HRL,2024032805000455,74,35,10.00,602.00,"6,020.00",2024-03-28
274,HRL,2024032805000456,74,45,10.00,602.00,"6,020.00",2024-03-28
275,HRL,2024032805000457,74,58,10.00,602.00,"6,020.00",2024-03-28
276,HRL,2024032805000458,74,57,10.00,602.00,"6,020.00",2024-03-28
277,HRL,2024032805000459,74,49,10.00,602.00,"6,020.00",2024-03-28
278,HRL,2024032805000460,74,49,20.00,602.00,"12,040.00",2024-03-28
279,HRL,2024032805000461,74,34,20.00,602.00,"12,040.00",2024-03-28
280,HRL,2024032805000462,74,55,465.00,602.00,"279,930.00",2024-03-28
281,HRL,2024032805000465,10,58,10.00,601.10,"6,011.00",2024-03-28
282,HRL,2024032805000467,10,4,10.00,601.10,"6,011.00",2024-03-28
283,HRL,2024032805000468,10,58,10.00,601.10,"6,011.00",2024-03-28
284,HRL,2024032805000469,28,48,10.00,601.10,"6,011.00",2024-03-28
285,HRL,2024032805000473,28,58,10.00,601.10,"6,011.00",2024-03-28
286,HRL,2024032805000476,36,16,10.00,601.00,"6,010.00",2024-03-28
287,HRL,2024032805000477,36,48,10.00,601.00,"6,010.00",2024-03-28
288,HRL,2024032805000478,57,45,20.00,601.00,"12,020.00",2024-03-28
289,HRL,2024032805000480,57,48,10.00,601.00,"6,010.00",2024-03-28
290,HRL,2024032805000482,49,55,500.00,602.00,"301,000.00",2024-03-28
291,HRL,2024032805000485,35,4,10.00,601.10,"6,011.00",2024-03-28
292,HRL,2024032805000486,49,55,155.00,602.00,"93,310.00",2024-03-28
293,HRL,2024032805000489,35,34,20.00,601.10,"12,022.00",2024-03-28
294,HRL,2024032805000490,57,55,100.00,602.00,"60,200.00",2024-03-28
295,HRL,2024032805000499,55,38,10.00,601.50,"6,015.00",2024-03-28
296,HRL,2024032805000500,55,40,10.00,601.90,"6,019.00",2024-03-28
297,HRL,2024032805000501,48,4,20.00,601.30,"12,026.00",2024-03-28
298,HRL,2024032805000507,59,40,130.00,601.90,"78,247.00",2024-03-28
299,HRL,2024032805000508,48,38,10.00,601.30,"6,013.00",2024-03-28
300,HRL,2024032805000510,48,58,20.00,601.30,"12,026.00",2024-03-28
301,HRL,2024032805000511,50,58,10.00,601.30,"6,013.00",2024-03-28
302,HRL,2024032805000512,50,40,260.00,601.90,"156,494.00",2024-03-28
303,HRL,2024032805000513,50,34,10.00,601.90,"6,019.00",2024-03-28
304,HRL,2024032805000514,50,57,20.00,601.90,"12,038.00",2024-03-28
305,HRL,2024032805000515,50,58,10.00,601.90,"6,019.00",2024-03-28
306,HRL,2024032805000518,50,42,20.00,601.90,"12,038.00",2024-03-28
307,HRL,2024032805000520,50,55,10.00,601.90,"6,019.00",2024-03-28
308,HRL,2024032805000521,50,57,20.00,601.90,"12,038.00",2024-03-28
309,HRL,2024032805000522,1,55,66.00,602.00,"39,732.00",2024-03-28
310,HRL,2024032805000523,50,75,10.00,601.90,"6,019.00",2024-03-28
311,HRL,2024032805000525,50,34,10.00,601.90,"6,019.00",2024-03-28
312,HRL,2024032805000526,54,55,100.00,602.00,"60,200.00",2024-03-28
313,HRL,2024032805000527,50,55,20.00,602.00,"12,040.00",2024-03-28
314,HRL,2024032805000528,1,55,11.00,602.00,"6,622.00",2024-03-28
315,HRL,2024032805000529,57,55,70.00,602.00,"42,140.00",2024-03-28
316,HRL,2024032805000532,49,55,250.00,602.00,"150,500.00",2024-03-28
317,HRL,2024032805000533,26,55,200.00,602.00,"120,400.00",2024-03-28
318,HRL,2024032805000535,41,55,33.00,602.00,"19,866.00",2024-03-28
319,HRL,2024032805000536,19,55,30.00,602.00,"18,060.00",2024-03-28
320,HRL,2024032805000539,37,45,10.00,602.00,"6,020.00",2024-03-28
321,HRL,2024032805000540,37,6,10.00,602.00,"6,020.00",2024-03-28
322,HRL,2024032805000541,37,13,10.00,602.00,"6,020.00",2024-03-28
323,HRL,2024032805000542,37,6,10.00,602.00,"6,020.00",2024-03-28
324,HRL,2024032805000543,37,58,10.00,602.00,"6,020.00",2024-03-28
325,HRL,2024032805000544,37,58,10.00,602.00,"6,020.00",2024-03-28
326,HRL,2024032805000545,37,58,20.00,602.00,"12,040.00",2024-03-28
327,HRL,2024032805000546,37,49,120.00,602.00,"72,240.00",2024-03-28
328,HRL,2024032805000547,37,49,20.00,602.00,"12,040.00",2024-03-28
329,HRL,2024032805000548,37,45,20.00,602.00,"12,040.00",2024-03-28
330,HRL,2024032805000549,37,26,10.00,602.00,"6,020.00",2024-03-28
331,HRL,2024032805000555,37,42,10.00,602.00,"6,020.00",2024-03-28
332,HRL,2024032805000556,38,49,10.00,602.10,"6,021.00",2024-03-28
333,HRL,2024032805000557,38,55,30.00,602.90,"18,087.00",2024-03-28
334,HRL,2024032805000558,38,26,20.00,603.00,"12,060.00",2024-03-28
335,HRL,2024032805000559,38,56,10.00,603.00,"6,030.00",2024-03-28
336,HRL,2024032805000560,38,36,10.00,603.00,"6,030.00",2024-03-28
337,HRL,2024032805000561,38,34,10.00,603.00,"6,030.00",2024-03-28
338,HRL,2024032805000562,38,58,10.00,603.00,"6,030.00",2024-03-28
339,HRL,2024032805000563,38,58,20.00,603.00,"12,060.00",2024-03-28
340,HRL,2024032805000564,38,35,20.00,603.00,"12,060.00",2024-03-28
341,HRL,2024032805000565,38,42,10.00,603.00,"6,030.00",2024-03-28
342,HRL,2024032805000566,38,49,10.00,603.00,"6,030.00",2024-03-28
343,HRL,2024032805000567,38,44,10.00,603.00,"6,030.00",2024-03-28
344,HRL,2024032805000568,38,58,10.00,603.00,"6,030.00",2024-03-28
345,HRL,2024032805000569,38,35,20.00,603.00,"12,060.00",2024-03-28
346,HRL,2024032805000572,50,35,10.00,603.00,"6,030.00",2024-03-28
347,HRL,2024032805000573,50,28,10.00,603.00,"6,030.00",2024-03-28
348,HRL,2024032805000574,19,53,10.00,603.00,"6,030.00",2024-03-28
349,HRL,2024032805000581,82,43,10.00,602.00,"6,020.00",2024-03-28
350,HRL,2024032805000587,82,55,10.00,602.00,"6,020.00",2024-03-28
351,HRL,2024032805000589,82,58,10.00,602.00,"6,020.00",2024-03-28
352,HRL,2024032805000591,41,35,10.00,603.00,"6,030.00",2024-03-28
353,HRL,2024032805000592,41,34,10.00,603.00,"6,030.00",2024-03-28
354,HRL,2024032805000594,28,13,10.00,603.00,"6,030.00",2024-03-28
355,HRL,2024032805000604,28,25,30.00,603.00,"18,090.00",2024-03-28
356,HRL,2024032805000605,28,52,20.00,603.00,"12,060.00",2024-03-28
357,HRL,2024032805000608,28,57,10.00,603.00,"6,030.00",2024-03-28
358,HRL,2024032805000609,28,32,30.00,603.00,"18,090.00",2024-03-28
359,HRL,2024032805000616,28,34,10.00,603.00,"6,030.00",2024-03-28
360,HRL,2024032805000617,56,45,10.00,603.10,"6,031.00",2024-03-28
361,HRL,2024032805000620,56,17,10.00,603.10,"6,031.00",2024-03-28
362,HRL,2024032805000622,56,49,10.00,603.10,"6,031.00",2024-03-28
363,HRL,2024032805000624,56,49,10.00,603.10,"6,031.00",2024-03-28
364,HRL,2024032805000627,59,1,10.00,603.50,"6,035.00",2024-03-28
365,HRL,2024032805000628,59,56,10.00,603.50,"6,035.00",2024-03-28
366,HRL,2024032805000629,59,45,10.00,604.00,"6,040.00",2024-03-28
367,HRL,2024032805000630,59,34,10.00,604.00,"6,040.00",2024-03-28
368,HRL,2024032805000631,59,34,10.00,604.00,"6,040.00",2024-03-28
369,HRL,2024032805000632,59,14,20.00,604.00,"12,080.00",2024-03-28
370,HRL,2024032805000633,59,40,130.00,604.00,"78,520.00",2024-03-28
371,HRL,2024032805000635,22,40,50.00,604.00,"30,200.00",2024-03-28
372,HRL,2024032805000636,56,38,10.00,603.10,"6,031.00",2024-03-28
373,HRL,2024032805000637,56,13,10.00,603.10,"6,031.00",2024-03-28
374,HRL,2024032805000640,56,42,10.00,603.10,"6,031.00",2024-03-28
375,HRL,2024032805000644,56,13,20.00,603.10,"12,062.00",2024-03-28
376,HRL,2024032805000646,56,42,20.00,603.10,"12,062.00",2024-03-28
377,HRL,2024032805000647,56,39,20.00,603.10,"12,062.00",2024-03-28
378,HRL,2024032805000648,56,10,10.00,603.10,"6,031.00",2024-03-28
379,HRL,2024032805000652,38,51,30.00,603.20,"18,096.00",2024-03-28
380,HRL,2024032805000656,58,21,10.00,603.80,"6,038.00",2024-03-28
381,HRL,2024032805000657,58,40,190.00,604.00,"114,760.00",2024-03-28
382,HRL,2024032805000659,34,54,30.00,603.30,"18,099.00",2024-03-28
383,HRL,2024032805000668,34,35,20.00,603.30,"12,066.00",2024-03-28
384,HRL,2024032805000669,16,40,20.00,604.00,"12,080.00",2024-03-28
385,HRL,2024032805000670,34,40,60.00,604.00,"36,240.00",2024-03-28
386,HRL,2024032805000674,34,75,10.00,603.30,"6,033.00",2024-03-28
387,HRL,2024032805000675,34,38,10.00,603.30,"6,033.00",2024-03-28
388,HRL,2024032805000678,35,34,20.00,603.30,"12,066.00",2024-03-28
389,HRL,2024032805000679,35,38,10.00,603.30,"6,033.00",2024-03-28
390,HRL,2024032805000682,35,7,10.00,603.30,"6,033.00",2024-03-28
391,HRL,2024032805000684,32,40,30.00,604.00,"18,120.00",2024-03-28
392,HRL,2024032805000690,35,58,10.00,603.30,"6,033.00",2024-03-28
393,HRL,2024032805000692,35,41,30.00,603.30,"18,099.00",2024-03-28
394,HRL,2024032805000698,45,40,20.00,604.00,"12,080.00",2024-03-28
395,HRL,2024032805000699,38,55,10.00,603.40,"6,034.00",2024-03-28
396,HRL,2024032805000700,38,39,30.00,603.40,"18,102.00",2024-03-28
397,HRL,2024032805000701,57,19,20.00,604.00,"12,080.00",2024-03-28
398,HRL,2024032805000702,57,45,10.00,604.00,"6,040.00",2024-03-28
399,HRL,2024032805000703,57,52,10.00,604.00,"6,040.00",2024-03-28
400,HRL,2024032805000704,57,49,10.00,604.50,"6,045.00",2024-03-28
401,HRL,2024032805000705,57,42,20.00,604.50,"12,090.00",2024-03-28
402,HRL,2024032805000706,57,21,30.00,604.70,"18,141.00",2024-03-28
403,HRL,2024032805000708,45,57,10.00,604.00,"6,040.00",2024-03-28
404,HRL,2024032805000709,32,52,10.00,603.50,"6,035.00",2024-03-28
405,HRL,2024032805000710,38,38,10.00,603.40,"6,034.00",2024-03-28
406,HRL,2024032805000711,38,17,20.00,603.40,"12,068.00",2024-03-28
407,HRL,2024032805000712,35,17,10.00,603.30,"6,033.00",2024-03-28
408,HRL,2024032805000713,35,57,10.00,603.30,"6,033.00",2024-03-28
409,HRL,2024032805000714,44,57,90.00,603.30,"54,297.00",2024-03-28
410,HRL,2024032805000715,34,57,10.00,603.30,"6,033.00",2024-03-28
411,HRL,2024032805000716,14,57,50.00,603.30,"30,165.00",2024-03-28
412,HRL,2024032805000736,56,75,10.00,603.10,"6,031.00",2024-03-28
413,HRL,2024032805000740,56,35,10.00,603.10,"6,031.00",2024-03-28
414,HRL,2024032805000742,56,40,20.00,603.10,"12,062.00",2024-03-28
415,HRL,2024032805000744,56,49,20.00,603.10,"12,062.00",2024-03-28
416,HRL,2024032805000745,17,6,10.00,603.10,"6,031.00",2024-03-28
417,HRL,2024032805000746,16,58,30.00,603.30,"18,099.00",2024-03-28
418,HRL,2024032805000750,16,10,14.00,603.40,"8,447.60",2024-03-28
419,HRL,2024032805000751,17,10,690.00,603.10,"416,139.00",2024-03-28
420,HRL,2024032805000752,28,10,55.00,603.00,"33,165.00",2024-03-28
421,HRL,2024032805000753,49,10,241.00,603.00,"145,323.00",2024-03-28
422,HRL,2024032805000754,49,14,20.00,603.00,"12,060.00",2024-03-28
423,HRL,2024032805000760,49,58,10.00,603.00,"6,030.00",2024-03-28
424,HRL,2024032805000767,49,38,10.00,603.00,"6,030.00",2024-03-28
425,HRL,2024032805000769,49,8,19.00,603.00,"11,457.00",2024-03-28
426,HRL,2024032805000770,42,49,20.00,603.00,"12,060.00",2024-03-28
427,HRL,2024032805000771,42,8,20.00,603.00,"12,060.00",2024-03-28
428,HRL,2024032805000772,42,46,400.00,603.00,"241,200.00",2024-03-28
429,HRL,2024032805000773,42,58,20.00,603.00,"12,060.00",2024-03-28
430,HRL,2024032805000774,42,8,10.00,603.00,"6,030.00",2024-03-28
431,HRL,2024032805000775,42,32,10.00,603.00,"6,030.00",2024-03-28
432,HRL,2024032805000776,42,59,20.00,603.00,"12,060.00",2024-03-28
433,HRL,2024032805000777,28,59,125.00,603.00,"75,375.00",2024-03-28
434,HRL,2024032805000778,28,59,205.00,603.00,"123,615.00",2024-03-28
435,HRL,2024032805000779,38,59,20.00,603.00,"12,060.00",2024-03-28
436,HRL,2024032805000780,17,59,25.00,603.00,"15,075.00",2024-03-28
437,HRL,2024032805000781,17,4,20.00,603.00,"12,060.00",2024-03-28
438,HRL,2024032805000790,17,58,20.00,603.00,"12,060.00",2024-03-28
439,HRL,2024032805000791,17,54,100.00,603.00,"60,300.00",2024-03-28
440,HRL,2024032805000792,17,8,10.00,603.00,"6,030.00",2024-03-28
441,HRL,2024032805000794,17,8,10.00,603.00,"6,030.00",2024-03-28
442,HRL,2024032805000795,17,7,10.00,603.00,"6,030.00",2024-03-28
443,HRL,2024032805000799,59,33,100.00,603.90,"60,390.00",2024-03-28
444,HRL,2024032805000800,17,7,20.00,603.00,"12,060.00",2024-03-28
445,HRL,2024032805000801,17,58,10.00,603.00,"6,030.00",2024-03-28
446,HRL,2024032805000811,17,35,10.00,603.00,"6,030.00",2024-03-28
447,HRL,2024032805000812,22,34,20.00,603.10,"12,062.00",2024-03-28
448,HRL,2024032805000813,22,43,10.00,603.10,"6,031.00",2024-03-28
449,HRL,2024032805000814,22,7,10.00,603.10,"6,031.00",2024-03-28
450,HRL,2024032805000816,22,33,10.00,603.10,"6,031.00",2024-03-28
451,HRL,2024032805000817,22,11,10.00,603.10,"6,031.00",2024-03-28
452,HRL,2024032805000818,22,36,10.00,603.10,"6,031.00",2024-03-28
453,HRL,2024032805000819,22,70,10.00,603.10,"6,031.00",2024-03-28
454,HRL,2024032805000821,49,49,20.00,603.30,"12,066.00",2024-03-28
455,HRL,2024032805000826,57,57,20.00,603.20,"12,064.00",2024-03-28
456,HRL,2024032805000827,57,39,10.00,603.20,"6,032.00",2024-03-28
457,HRL,2024032805000828,57,34,20.00,603.20,"12,064.00",2024-03-28
458,HRL,2024032805000830,57,11,10.00,603.20,"6,032.00",2024-03-28
459,HRL,2024032805000832,25,58,20.00,603.30,"12,066.00",2024-03-28
460,HRL,2024032805000835,57,17,10.00,603.40,"6,034.00",2024-03-28
461,HRL,2024032805000840,57,39,10.00,603.40,"6,034.00",2024-03-28
462,HRL,2024032805000841,25,62,20.00,603.50,"12,070.00",2024-03-28
463,HRL,2024032805000851,57,52,10.00,603.70,"6,037.00",2024-03-28
464,HRL,2024032805000852,57,39,10.00,603.70,"6,037.00",2024-03-28
465,HRL,2024032805000855,57,65,10.00,603.70,"6,037.00",2024-03-28
466,HRL,2024032805000856,57,42,20.00,603.70,"12,074.00",2024-03-28
467,HRL,2024032805000857,25,1,20.00,603.80,"12,076.00",2024-03-28
468,HRL,2024032805000861,25,14,10.00,603.80,"6,038.00",2024-03-28
469,HRL,2024032805000863,25,7,10.00,603.80,"6,038.00",2024-03-28
470,HRL,2024032805000864,25,58,10.00,603.80,"6,038.00",2024-03-28
471,HRL,2024032805000867,25,59,10.00,603.80,"6,038.00",2024-03-28
472,HRL,2024032805000869,25,58,20.00,603.80,"12,076.00",2024-03-28
473,HRL,2024032805000873,14,1,10.00,603.90,"6,039.00",2024-03-28
474,HRL,2024032805000875,14,57,40.00,603.90,"24,156.00",2024-03-28
475,HRL,2024032805000876,14,58,10.00,603.90,"6,039.00",2024-03-28
476,HRL,2024032805000880,14,37,20.00,603.90,"12,078.00",2024-03-28
477,HRL,2024032805000885,14,44,10.00,603.90,"6,039.00",2024-03-28
478,HRL,2024032805000888,14,10,10.00,603.90,"6,039.00",2024-03-28
479,HRL,2024032805000889,25,58,20.00,603.80,"12,076.00",2024-03-28
480,HRL,2024032805000892,25,57,10.00,603.80,"6,038.00",2024-03-28
481,HRL,2024032805000895,25,7,10.00,603.80,"6,038.00",2024-03-28
482,HRL,2024032805000900,25,40,20.00,603.80,"12,076.00",2024-03-28
483,HRL,2024032805000905,25,16,20.00,603.80,"12,076.00",2024-03-28
484,HRL,2024032805000907,25,42,10.00,603.80,"6,038.00",2024-03-28
485,HRL,2024032805000908,25,41,20.00,603.80,"12,076.00",2024-03-28
486,HRL,2024032805000909,25,57,237.00,603.80,"143,100.60",2024-03-28
487,HRL,2024032805000910,25,32,30.00,603.80,"18,114.00",2024-03-28
488,HRL,2024032805000912,58,58,30.00,603.90,"18,117.00",2024-03-28
489,HRL,2024032805000913,58,45,10.00,603.90,"6,039.00",2024-03-28
490,HRL,2024032805000914,58,48,10.00,603.90,"6,039.00",2024-03-28
491,HRL,2024032805000915,58,37,20.00,603.90,"12,078.00",2024-03-28
492,HRL,2024032805000917,58,29,10.00,603.90,"6,039.00",2024-03-28
493,HRL,2024032805000918,58,3,80.00,603.90,"48,312.00",2024-03-28
494,HRL,2024032805000919,34,3,40.00,603.90,"24,156.00",2024-03-28
495,HRL,2024032805000920,34,38,10.00,604.00,"6,040.00",2024-03-28
496,HRL,2024032805000921,34,58,10.00,604.00,"6,040.00",2024-03-28
497,HRL,2024032805000922,34,46,20.00,604.00,"12,080.00",2024-03-28
498,HRL,2024032805000923,34,57,10.00,604.00,"6,040.00",2024-03-28
499,HRL,2024032805000924,34,56,20.00,604.00,"12,080.00",2024-03-28
500,HRL,2024032805000925,34,45,10.00,604.00,"6,040.00",2024-03-28
501,HRL,2024032805000926,34,58,10.00,604.00,"6,040.00",2024-03-28
502,HRL,2024032805000927,34,25,10.00,604.00,"6,040.00",2024-03-28
503,HRL,2024032805000928,34,35,20.00,604.00,"12,080.00",2024-03-28
504,HRL,2024032805000929,34,53,20.00,604.00,"12,080.00",2024-03-28
505,HRL,2024032805000932,34,58,20.00,604.00,"12,080.00",2024-03-28
506,HRL,2024032805000934,34,53,20.00,604.00,"12,080.00",2024-03-28
507,HRL,2024032805000935,34,38,20.00,604.00,"12,080.00",2024-03-28
508,HRL,2024032805000937,34,36,10.00,604.00,"6,040.00",2024-03-28
509,HRL,2024032805000938,34,39,20.00,604.00,"12,080.00",2024-03-28
510,HRL,2024032805000939,50,32,20.00,604.30,"12,086.00",2024-03-28
511,HRL,2024032805000940,34,21,10.00,604.00,"6,040.00",2024-03-28
512,HRL,2024032805000941,34,39,20.00,604.00,"12,080.00",2024-03-28
513,HRL,2024032805000944,34,58,20.00,604.00,"12,080.00",2024-03-28
514,HRL,2024032805000947,34,59,180.00,604.00,"108,720.00",2024-03-28
515,HRL,2024032805000949,57,39,20.00,603.70,"12,074.00",2024-03-28
516,HRL,2024032805000950,57,37,20.00,603.70,"12,074.00",2024-03-28
517,HRL,2024032805000951,41,59,100.00,604.00,"60,400.00",2024-03-28
518,HRL,2024032805000952,57,55,20.00,603.70,"12,074.00",2024-03-28
519,HRL,2024032805000954,19,59,20.00,604.00,"12,080.00",2024-03-28
520,HRL,2024032805000955,19,50,20.00,604.00,"12,080.00",2024-03-28
521,HRL,2024032805000956,19,22,10.00,604.00,"6,040.00",2024-03-28
522,HRL,2024032805000957,19,52,50.00,604.00,"30,200.00",2024-03-28
523,HRL,2024032805000962,57,35,10.00,603.70,"6,037.00",2024-03-28
524,HRL,2024032805000972,41,58,10.00,603.80,"6,038.00",2024-03-28
525,HRL,2024032805000975,1,19,10.00,604.00,"6,040.00",2024-03-28
526,HRL,2024032805000976,41,3,10.00,603.80,"6,038.00",2024-03-28
527,HRL,2024032805000983,41,22,10.00,603.80,"6,038.00",2024-03-28
528,HRL,2024032805000986,14,48,10.00,603.90,"6,039.00",2024-03-28
529,HRL,2024032805000988,14,35,10.00,603.90,"6,039.00",2024-03-28
530,HRL,2024032805000992,26,19,20.00,604.00,"12,080.00",2024-03-28
531,HRL,2024032805000993,26,46,20.00,604.00,"12,080.00",2024-03-28
532,HRL,2024032805000994,26,38,20.00,604.00,"12,080.00",2024-03-28
533,HRL,2024032805000995,26,16,10.00,604.00,"6,040.00",2024-03-28
534,HRL,2024032805000996,26,35,10.00,604.00,"6,040.00",2024-03-28
535,HRL,2024032805000997,14,48,10.00,603.90,"6,039.00",2024-03-28
536,HRL,2024032805000999,14,35,10.00,603.90,"6,039.00",2024-03-28
537,HRL,2024032805001000,14,26,10.00,603.90,"6,039.00",2024-03-28
538,HRL,2024032805001001,14,48,20.00,603.90,"12,078.00",2024-03-28
539,HRL,2024032805001002,14,35,10.00,603.90,"6,039.00",2024-03-28
540,HRL,2024032805001008,14,49,10.00,603.90,"6,039.00",2024-03-28
541,HRL,2024032805001009,57,19,30.00,604.00,"18,120.00",2024-03-28
542,HRL,2024032805001010,57,41,10.00,604.00,"6,040.00",2024-03-28
543,HRL,2024032805001011,57,58,20.00,604.00,"12,080.00",2024-03-28
544,HRL,2024032805001015,57,48,20.00,604.00,"12,080.00",2024-03-28
545,HRL,2024032805001025,57,49,10.00,604.00,"6,040.00",2024-03-28
546,HRL,2024032805001027,57,35,10.00,604.00,"6,040.00",2024-03-28
547,HRL,2024032805001028,57,37,20.00,604.00,"12,080.00",2024-03-28
548,HRL,2024032805001029,57,48,20.00,604.00,"12,080.00",2024-03-28
549,HRL,2024032805001043,57,58,20.00,604.00,"12,080.00",2024-03-28
550,HRL,2024032805001046,57,4,10.00,604.00,"6,040.00",2024-03-28
551,HRL,2024032805001047,57,16,20.00,604.00,"12,080.00",2024-03-28
552,HRL,2024032805001049,57,45,10.00,604.00,"6,040.00",2024-03-28
553,HRL,2024032805001051,57,58,10.00,604.00,"6,040.00",2024-03-28
554,HRL,2024032805001053,57,47,20.00,604.00,"12,080.00",2024-03-28
555,HRL,2024032805001055,57,29,10.00,604.00,"6,040.00",2024-03-28
556,HRL,2024032805001056,57,17,20.00,604.00,"12,080.00",2024-03-28
557,HRL,2024032805001058,57,48,10.00,604.00,"6,040.00",2024-03-28
558,HRL,2024032805001060,57,32,10.00,604.00,"6,040.00",2024-03-28
559,HRL,2024032805001061,57,58,10.00,604.00,"6,040.00",2024-03-28
560,HRL,2024032805001062,57,58,20.00,604.00,"12,080.00",2024-03-28
561,HRL,2024032805001063,57,35,10.00,604.00,"6,040.00",2024-03-28
562,HRL,2024032805001064,57,44,20.00,604.00,"12,080.00",2024-03-28
563,HRL,2024032805001065,57,46,20.00,604.00,"12,080.00",2024-03-28
564,HRL,2024032805001066,57,42,20.00,604.00,"12,080.00",2024-03-28
565,HRL,2024032805001067,57,32,30.00,604.00,"18,120.00",2024-03-28
566,HRL,2024032805001068,45,65,5.00,604.00,"3,020.00",2024-03-28
567,HRL,2024032805001069,57,44,20.00,604.00,"12,080.00",2024-03-28
568,HRL,2024032805001070,57,6,10.00,604.00,"6,040.00",2024-03-28
569,HRL,2024032805001073,57,3,60.00,604.00,"36,240.00",2024-03-28
570,HRL,2024032805001074,34,3,10.00,604.00,"6,040.00",2024-03-28
571,HRL,2024032805001075,48,3,20.00,604.00,"12,080.00",2024-03-28
572,HRL,2024032805001077,13,3,10.00,604.40,"6,044.00",2024-03-28
573,HRL,2024032805001078,13,45,10.00,604.50,"6,045.00",2024-03-28
574,HRL,2024032805001079,13,68,10.00,604.50,"6,045.00",2024-03-28
575,HRL,2024032805001080,13,32,10.00,604.50,"6,045.00",2024-03-28
576,HRL,2024032805001081,13,43,20.00,604.50,"12,090.00",2024-03-28
577,HRL,2024032805001082,13,49,10.00,604.50,"6,045.00",2024-03-28
578,HRL,2024032805001083,13,21,70.00,604.70,"42,329.00",2024-03-28
579,HRL,2024032805001084,13,22,30.00,604.80,"18,144.00",2024-03-28
580,HRL,2024032805001085,13,3,30.00,604.90,"18,147.00",2024-03-28
581,HRL,2024032805001086,58,35,10.00,604.00,"6,040.00",2024-03-28
582,HRL,2024032805001087,58,44,20.00,604.00,"12,080.00",2024-03-28
583,HRL,2024032805001098,58,58,20.00,604.00,"12,080.00",2024-03-28
584,HRL,2024032805001103,58,52,10.00,604.00,"6,040.00",2024-03-28
585,HRL,2024032805001104,38,58,20.00,604.40,"12,088.00",2024-03-28
586,HRL,2024032805001105,38,3,37.00,604.90,"22,381.30",2024-03-28
587,HRL,2024032805001108,58,29,10.00,604.00,"6,040.00",2024-03-28
588,HRL,2024032805001110,58,53,20.00,604.00,"12,080.00",2024-03-28
589,HRL,2024032805001115,58,58,10.00,604.00,"6,040.00",2024-03-28
590,HRL,2024032805001122,58,50,20.00,604.00,"12,080.00",2024-03-28
591,HRL,2024032805001126,58,58,20.00,604.00,"12,080.00",2024-03-28
592,HRL,2024032805001127,58,56,20.00,604.00,"12,080.00",2024-03-28
593,HRL,2024032805001128,58,55,10.00,604.00,"6,040.00",2024-03-28
594,HRL,2024032805001132,58,45,10.00,604.00,"6,040.00",2024-03-28
595,HRL,2024032805001133,58,42,20.00,604.00,"12,080.00",2024-03-28
596,HRL,2024032805001135,58,55,20.00,604.00,"12,080.00",2024-03-28
597,HRL,2024032805001138,58,7,10.00,604.00,"6,040.00",2024-03-28
598,HRL,2024032805001140,58,29,10.00,604.00,"6,040.00",2024-03-28
599,HRL,2024032805001141,58,7,10.00,604.00,"6,040.00",2024-03-28
600,HRL,2024032805001145,58,37,240.00,604.00,"144,960.00",2024-03-28
601,HRL,2024032805001146,58,42,10.00,604.00,"6,040.00",2024-03-28
602,HRL,2024032805001150,13,52,20.00,604.00,"12,080.00",2024-03-28
603,HRL,2024032805001151,13,58,20.00,604.00,"12,080.00",2024-03-28
604,HRL,2024032805001154,13,45,10.00,604.00,"6,040.00",2024-03-28
605,HRL,2024032805001158,42,22,20.00,604.10,"12,082.00",2024-03-28
606,HRL,2024032805001159,29,49,10.00,604.50,"6,045.00",2024-03-28
607,HRL,2024032805001160,29,17,10.00,604.50,"6,045.00",2024-03-28
608,HRL,2024032805001162,29,22,10.00,604.50,"6,045.00",2024-03-28
609,HRL,2024032805001163,29,19,10.00,604.50,"6,045.00",2024-03-28
610,HRL,2024032805001165,29,17,10.00,604.50,"6,045.00",2024-03-28
611,HRL,2024032805001168,13,7,50.00,604.00,"30,200.00",2024-03-28
612,HRL,2024032805001169,45,7,20.00,604.00,"12,080.00",2024-03-28
613,HRL,2024032805001170,38,7,45.00,604.00,"27,180.00",2024-03-28
614,HRL,2024032805001171,42,7,10.00,604.00,"6,040.00",2024-03-28
615,HRL,2024032805001172,57,7,25.00,604.00,"15,100.00",2024-03-28
616,HRL,2024032805001180,57,55,10.00,604.10,"6,041.00",2024-03-28
617,HRL,2024032805001181,57,49,10.00,604.10,"6,041.00",2024-03-28
618,HRL,2024032805001182,57,34,20.00,604.00,"12,080.00",2024-03-28
619,HRL,2024032805001183,41,51,10.00,604.50,"6,045.00",2024-03-28
620,HRL,2024032805001184,41,34,17.00,604.50,"10,276.50",2024-03-28
621,HRL,2024032805001185,57,41,10.00,604.00,"6,040.00",2024-03-28
622,HRL,2024032805001186,57,58,20.00,604.00,"12,080.00",2024-03-28
623,HRL,2024032805001187,57,47,10.00,604.00,"6,040.00",2024-03-28
624,HRL,2024032805001189,57,33,20.00,604.00,"12,080.00",2024-03-28
625,HRL,2024032805001215,57,34,10.00,604.00,"6,040.00",2024-03-28
626,HRL,2024032805001218,57,1,20.00,604.00,"12,080.00",2024-03-28
627,HRL,2024032805001219,57,50,10.00,604.00,"6,040.00",2024-03-28
628,HRL,2024032805001220,57,14,10.00,604.00,"6,040.00",2024-03-28
629,HRL,2024032805001221,57,32,30.00,604.00,"18,120.00",2024-03-28
630,HRL,2024032805001222,57,34,20.00,604.00,"12,080.00",2024-03-28
631,HRL,2024032805001223,57,58,10.00,604.00,"6,040.00",2024-03-28
632,HRL,2024032805001224,57,52,20.00,604.00,"12,080.00",2024-03-28
633,HRL,2024032805001226,57,54,10.00,604.00,"6,040.00",2024-03-28
634,HRL,2024032805001227,39,34,20.00,604.00,"12,080.00",2024-03-28
635,HRL,2024032805001231,39,14,10.00,604.00,"6,040.00",2024-03-28
636,HRL,2024032805001232,39,36,20.00,604.00,"12,080.00",2024-03-28
637,HRL,2024032805001233,4,36,30.00,604.00,"18,120.00",2024-03-28
638,HRL,2024032805001234,4,51,20.00,604.00,"12,080.00",2024-03-28
639,HRL,2024032805001235,58,22,10.00,604.10,"6,041.00",2024-03-28
640,HRL,2024032805001237,1,58,20.00,604.00,"12,080.00",2024-03-28
641,HRL,2024032805001240,13,45,10.00,604.50,"6,045.00",2024-03-28
642,HRL,2024032805001241,13,46,10.00,604.50,"6,045.00",2024-03-28
643,HRL,2024032805001242,13,66,30.00,604.80,"18,144.00",2024-03-28
644,HRL,2024032805001243,42,51,20.00,604.00,"12,080.00",2024-03-28
645,HRL,2024032805001245,70,43,10.00,604.00,"6,040.00",2024-03-28
646,HRL,2024032805001248,70,4,20.00,604.00,"12,080.00",2024-03-28
647,HRL,2024032805001249,70,17,20.00,604.00,"12,080.00",2024-03-28
648,HRL,2024032805001250,70,35,10.00,604.00,"6,040.00",2024-03-28
649,HRL,2024032805001268,70,34,20.00,604.00,"12,080.00",2024-03-28
650,HRL,2024032805001271,70,58,20.00,604.00,"12,080.00",2024-03-28
651,HRL,2024032805001272,70,43,10.00,604.00,"6,040.00",2024-03-28
652,HRL,2024032805001273,70,58,20.00,604.00,"12,080.00",2024-03-28
653,HRL,2024032805001275,70,43,10.00,604.00,"6,040.00",2024-03-28
654,HRL,2024032805001277,70,34,10.00,604.00,"6,040.00",2024-03-28
655,HRL,2024032805001278,70,43,10.00,604.00,"6,040.00",2024-03-28
656,HRL,2024032805001279,70,43,10.00,604.00,"6,040.00",2024-03-28
657,HRL,2024032805001280,70,26,10.00,604.00,"6,040.00",2024-03-28
658,HRL,2024032805001281,69,43,10.00,604.10,"6,041.00",2024-03-28
659,HRL,2024032805001283,40,58,10.00,604.50,"6,045.00",2024-03-28
660,HRL,2024032805001284,69,62,20.00,604.10,"12,082.00",2024-03-28
661,HRL,2024032805001285,49,45,10.00,604.70,"6,047.00",2024-03-28
662,HRL,2024032805001286,49,32,20.00,604.80,"12,096.00",2024-03-28
663,HRL,2024032805001287,49,3,333.00,604.90,"201,431.70",2024-03-28
664,HRL,2024032805001288,49,38,10.00,604.90,"6,049.00",2024-03-28
665,HRL,2024032805001289,49,46,10.00,604.90,"6,049.00",2024-03-28
666,HRL,2024032805001290,49,57,30.00,605.00,"18,150.00",2024-03-28
667,HRL,2024032805001291,49,44,10.00,605.00,"6,050.00",2024-03-28
668,HRL,2024032805001292,49,36,20.00,605.00,"12,100.00",2024-03-28
669,HRL,2024032805001293,49,51,20.00,605.00,"12,100.00",2024-03-28
670,HRL,2024032805001294,49,58,10.00,605.00,"6,050.00",2024-03-28
671,HRL,2024032805001295,49,35,20.00,605.00,"12,100.00",2024-03-28
672,HRL,2024032805001296,49,14,10.00,605.00,"6,050.00",2024-03-28
673,HRL,2024032805001297,49,48,10.00,605.00,"6,050.00",2024-03-28
674,HRL,2024032805001298,49,49,20.00,605.00,"12,100.00",2024-03-28
675,HRL,2024032805001299,49,57,20.00,605.00,"12,100.00",2024-03-28
676,HRL,2024032805001300,49,47,200.00,605.00,"121,000.00",2024-03-28
677,HRL,2024032805001301,49,35,10.00,605.00,"6,050.00",2024-03-28
678,HRL,2024032805001302,49,28,10.00,605.00,"6,050.00",2024-03-28
679,HRL,2024032805001303,49,42,20.00,605.00,"12,100.00",2024-03-28
680,HRL,2024032805001304,49,58,10.00,605.00,"6,050.00",2024-03-28
681,HRL,2024032805001305,49,6,10.00,605.00,"6,050.00",2024-03-28
682,HRL,2024032805001306,49,35,20.00,605.00,"12,100.00",2024-03-28
683,HRL,2024032805001307,49,28,10.00,605.00,"6,050.00",2024-03-28
684,HRL,2024032805001308,49,42,150.00,605.00,"90,750.00",2024-03-28
685,HRL,2024032805001309,69,42,20.00,604.10,"12,082.00",2024-03-28
686,HRL,2024032805001310,49,37,10.00,605.00,"6,050.00",2024-03-28
687,HRL,2024032805001311,49,4,20.00,605.00,"12,100.00",2024-03-28
688,HRL,2024032805001312,49,41,20.00,605.00,"12,100.00",2024-03-28
689,HRL,2024032805001313,49,48,20.00,605.00,"12,100.00",2024-03-28
690,HRL,2024032805001314,49,35,10.00,605.00,"6,050.00",2024-03-28
691,HRL,2024032805001315,49,32,100.00,605.00,"60,500.00",2024-03-28
692,HRL,2024032805001316,49,25,330.00,605.00,"199,650.00",2024-03-28
693,HRL,2024032805001317,49,38,10.00,605.00,"6,050.00",2024-03-28
694,HRL,2024032805001318,49,17,480.00,605.00,"290,400.00",2024-03-28
695,HRL,2024032805001319,69,58,10.00,604.10,"6,041.00",2024-03-28
696,HRL,2024032805001320,69,43,10.00,604.10,"6,041.00",2024-03-28
697,HRL,2024032805001326,69,51,20.00,604.10,"12,082.00",2024-03-28
698,HRL,2024032805001330,69,37,20.00,604.10,"12,082.00",2024-03-28
699,HRL,2024032805001331,69,43,10.00,604.10,"6,041.00",2024-03-28
700,HRL,2024032805001335,69,43,10.00,604.10,"6,041.00",2024-03-28
701,HRL,2024032805001338,69,58,20.00,604.10,"12,082.00",2024-03-28
702,HRL,2024032805001340,69,45,10.00,604.10,"6,041.00",2024-03-28
703,HRL,2024032805001343,69,56,10.00,604.10,"6,041.00",2024-03-28
704,HRL,2024032805001344,69,36,30.00,604.10,"18,123.00",2024-03-28
705,HRL,2024032805001345,70,36,20.00,604.00,"12,080.00",2024-03-28
706,HRL,2024032805001346,25,36,200.00,604.00,"120,800.00",2024-03-28
707,HRL,2024032805001347,62,36,500.00,604.00,"302,000.00",2024-03-28
708,HRL,2024032805001348,17,36,200.00,604.00,"120,800.00",2024-03-28
709,HRL,2024032805001349,19,36,200.00,604.00,"120,800.00",2024-03-28
710,HRL,2024032805001350,11,36,60.00,604.00,"36,240.00",2024-03-28
711,HRL,2024032805001352,14,45,10.00,603.90,"6,039.00",2024-03-28
712,HRL,2024032805001353,14,43,10.00,603.90,"6,039.00",2024-03-28
713,HRL,2024032805001354,14,29,20.00,603.90,"12,078.00",2024-03-28
714,HRL,2024032805001357,14,45,10.00,603.90,"6,039.00",2024-03-28
715,HRL,2024032805001359,14,16,20.00,603.90,"12,078.00",2024-03-28
716,HRL,2024032805001361,14,39,10.00,603.90,"6,039.00",2024-03-28
717,HRL,2024032805001362,14,49,10.00,603.90,"6,039.00",2024-03-28
718,HRL,2024032805001363,14,47,10.00,603.90,"6,039.00",2024-03-28
719,HRL,2024032805001364,49,36,100.00,604.00,"60,400.00",2024-03-28
720,HRL,2024032805001369,14,58,70.00,603.90,"42,273.00",2024-03-28
721,HRL,2024032805001374,14,59,240.00,603.90,"144,936.00",2024-03-28
722,HRL,2024032805001375,58,59,32.00,603.90,"19,324.80",2024-03-28
723,HRL,2024032805001376,41,35,10.00,603.80,"6,038.00",2024-03-28
724,HRL,2024032805001377,41,58,10.00,603.80,"6,038.00",2024-03-28
725,HRL,2024032805001381,41,32,10.00,603.80,"6,038.00",2024-03-28
726,HRL,2024032805001382,41,58,10.00,603.80,"6,038.00",2024-03-28
727,HRL,2024032805001386,94,59,28.00,603.90,"16,909.20",2024-03-28
728,HRL,2024032805001387,94,22,10.00,603.90,"6,039.00",2024-03-28
729,HRL,2024032805001388,94,36,162.00,604.00,"97,848.00",2024-03-28
730,HRL,2024032805001392,41,58,20.00,603.80,"12,076.00",2024-03-28
731,HRL,2024032805001397,41,35,10.00,603.80,"6,038.00",2024-03-28
732,HRL,2024032805001401,42,36,100.00,604.00,"60,400.00",2024-03-28
733,HRL,2024032805001402,41,55,20.00,603.80,"12,076.00",2024-03-28
734,HRL,2024032805001403,41,34,10.00,603.80,"6,038.00",2024-03-28
735,HRL,2024032805001405,41,56,20.00,603.80,"12,076.00",2024-03-28
736,HRL,2024032805001408,41,10,30.00,603.80,"18,114.00",2024-03-28
737,HRL,2024032805001409,41,25,20.00,603.80,"12,076.00",2024-03-28
738,HRL,2024032805001410,41,25,10.00,603.80,"6,038.00",2024-03-28
739,HRL,2024032805001411,41,41,10.00,603.80,"6,038.00",2024-03-28
740,HRL,2024032805001412,41,49,10.00,603.80,"6,038.00",2024-03-28
741,HRL,2024032805001413,41,58,20.00,603.80,"12,076.00",2024-03-28
742,HRL,2024032805001415,41,20,10.00,603.80,"6,038.00",2024-03-28
743,HRL,2024032805001416,41,32,30.00,603.80,"18,114.00",2024-03-28
744,HRL,2024032805001417,41,13,10.00,603.80,"6,038.00",2024-03-28
745,HRL,2024032805001421,25,49,10.00,603.70,"6,037.00",2024-03-28
746,HRL,2024032805001422,25,38,10.00,603.70,"6,037.00",2024-03-28
747,HRL,2024032805001424,32,29,10.00,603.70,"6,037.00",2024-03-28
748,HRL,2024032805001425,32,56,20.00,603.70,"12,074.00",2024-03-28
749,HRL,2024032805001426,32,58,10.00,603.70,"6,037.00",2024-03-28
750,HRL,2024032805001427,32,42,10.00,603.70,"6,037.00",2024-03-28
751,HRL,2024032805001428,32,37,20.00,603.70,"12,074.00",2024-03-28
752,HRL,2024032805001429,32,58,10.00,603.70,"6,037.00",2024-03-28
753,HRL,2024032805001430,32,49,20.00,603.70,"12,074.00",2024-03-28
754,HRL,2024032805001431,32,16,20.00,603.70,"12,074.00",2024-03-28
755,HRL,2024032805001434,32,58,10.00,603.70,"6,037.00",2024-03-28
756,HRL,2024032805001437,32,25,30.00,603.70,"18,111.00",2024-03-28
757,HRL,2024032805001439,32,42,10.00,603.70,"6,037.00",2024-03-28
758,HRL,2024032805001440,14,13,10.00,603.80,"6,038.00",2024-03-28
759,HRL,2024032805001441,32,17,10.00,603.70,"6,037.00",2024-03-28
760,HRL,2024032805001451,32,35,20.00,603.70,"12,074.00",2024-03-28
761,HRL,2024032805001452,32,49,20.00,603.70,"12,074.00",2024-03-28
762,HRL,2024032805001455,32,57,10.00,603.70,"6,037.00",2024-03-28
763,HRL,2024032805001456,32,55,10.00,603.70,"6,037.00",2024-03-28
764,HRL,2024032805001457,32,29,10.00,603.70,"6,037.00",2024-03-28
765,HRL,2024032805001460,32,45,10.00,603.70,"6,037.00",2024-03-28
766,HRL,2024032805001461,32,48,10.00,603.70,"6,037.00",2024-03-28
767,HRL,2024032805001473,32,28,30.00,603.70,"18,111.00",2024-03-28
768,HRL,2024032805001475,32,47,10.00,603.70,"6,037.00",2024-03-28
769,HRL,2024032805001476,32,42,20.00,603.70,"12,074.00",2024-03-28
770,HRL,2024032805001477,32,18,30.00,603.70,"18,111.00",2024-03-28
771,HRL,2024032805001478,32,35,20.00,603.70,"12,074.00",2024-03-28
772,HRL,2024032805001479,32,32,10.00,603.70,"6,037.00",2024-03-28
773,HRL,2024032805001480,32,58,10.00,603.70,"6,037.00",2024-03-28
774,HRL,2024032805001481,32,81,100.00,603.70,"60,370.00",2024-03-28
775,HRL,2024032805001482,44,81,70.00,603.50,"42,245.00",2024-03-28
776,HRL,2024032805001483,65,81,20.00,603.50,"12,070.00",2024-03-28
777,HRL,2024032805001485,34,3,20.00,603.40,"12,068.00",2024-03-28
778,HRL,2024032805001487,34,37,20.00,603.40,"12,068.00",2024-03-28
779,HRL,2024032805001494,34,58,20.00,603.40,"12,068.00",2024-03-28
780,HRL,2024032805001495,14,81,50.00,603.50,"30,175.00",2024-03-28
781,HRL,2024032805001496,34,45,10.00,603.40,"6,034.00",2024-03-28
782,HRL,2024032805001498,34,37,20.00,603.40,"12,068.00",2024-03-28
783,HRL,2024032805001499,34,25,10.00,603.40,"6,034.00",2024-03-28
784,HRL,2024032805001500,25,25,10.00,603.20,"6,032.00",2024-03-28
785,HRL,2024032805001507,25,56,111.00,603.20,"66,955.20",2024-03-28
786,HRL,2024032805001508,22,58,20.00,603.10,"12,062.00",2024-03-28
787,HRL,2024032805001510,22,52,10.00,603.10,"6,031.00",2024-03-28
788,HRL,2024032805001511,22,55,10.00,603.10,"6,031.00",2024-03-28
789,HRL,2024032805001513,22,29,10.00,603.10,"6,031.00",2024-03-28
790,HRL,2024032805001516,22,44,10.00,603.10,"6,031.00",2024-03-28
791,HRL,2024032805001519,22,38,10.00,603.10,"6,031.00",2024-03-28
792,HRL,2024032805001522,22,39,10.00,603.10,"6,031.00",2024-03-28
793,HRL,2024032805001523,22,37,10.00,603.10,"6,031.00",2024-03-28
794,HRL,2024032805001525,22,59,10.00,603.10,"6,031.00",2024-03-28
795,HRL,2024032805001526,22,56,20.00,603.10,"12,062.00",2024-03-28
796,HRL,2024032805001528,17,48,20.00,603.00,"12,060.00",2024-03-28
797,HRL,2024032805001529,17,41,30.00,603.00,"18,090.00",2024-03-28
798,HRL,2024032805001530,35,58,10.00,603.10,"6,031.00",2024-03-28
799,HRL,2024032805001531,35,58,10.00,603.20,"6,032.00",2024-03-28
800,HRL,2024032805001532,35,81,60.00,603.50,"36,210.00",2024-03-28
801,HRL,2024032805001535,35,55,10.00,603.50,"6,035.00",2024-03-28
802,HRL,2024032805001539,35,26,20.00,603.50,"12,070.00",2024-03-28
803,HRL,2024032805001563,17,58,10.00,603.00,"6,030.00",2024-03-28
804,HRL,2024032805001564,6,4,40.00,603.00,"24,120.00",2024-03-28
805,HRL,2024032805001565,6,25,10.00,603.00,"6,030.00",2024-03-28
806,HRL,2024032805001566,4,25,165.00,603.00,"99,495.00",2024-03-28
807,HRL,2024032805001567,14,25,25.00,603.00,"15,075.00",2024-03-28
808,HRL,2024032805001571,14,59,20.00,603.00,"12,060.00",2024-03-28
809,HRL,2024032805001579,14,58,20.00,603.00,"12,060.00",2024-03-28
810,HRL,2024032805001580,14,26,10.00,603.00,"6,030.00",2024-03-28
811,HRL,2024032805001582,14,41,20.00,603.00,"12,060.00",2024-03-28
812,HRL,2024032805001587,42,44,20.00,603.00,"12,060.00",2024-03-28
813,HRL,2024032805001595,82,29,20.00,602.00,"12,040.00",2024-03-28
814,HRL,2024032805001596,82,62,20.00,602.00,"12,040.00",2024-03-28
815,HRL,2024032805001598,82,32,30.00,602.00,"18,060.00",2024-03-28
816,HRL,2024032805001601,82,41,20.00,602.00,"12,040.00",2024-03-28
817,HRL,2024032805001602,82,54,10.00,602.00,"6,020.00",2024-03-28
818,HRL,2024032805001606,82,10,10.00,602.00,"6,020.00",2024-03-28
819,HRL,2024032805001608,82,58,20.00,602.00,"12,040.00",2024-03-28
820,HRL,2024032805001609,82,44,10.00,602.00,"6,020.00",2024-03-28
821,HRL,2024032805001614,82,37,20.00,602.00,"12,040.00",2024-03-28
822,HRL,2024032805001615,82,58,20.00,602.00,"12,040.00",2024-03-28
823,HRL,2024032805001616,82,58,20.00,602.00,"12,040.00",2024-03-28
824,HRL,2024032805001623,82,42,10.00,602.00,"6,020.00",2024-03-28
825,HRL,2024032805001624,82,11,10.00,602.00,"6,020.00",2024-03-28
826,HRL,2024032805001625,82,38,10.00,602.00,"6,020.00",2024-03-28
827,HRL,2024032805001626,82,58,10.00,602.00,"6,020.00",2024-03-28
828,HRL,2024032805001627,82,58,43.00,602.00,"25,886.00",2024-03-28
829,HRL,2024032805001628,6,58,20.00,602.00,"12,040.00",2024-03-28
830,HRL,2024032805001629,54,58,155.00,602.00,"93,310.00",2024-03-28
831,HRL,2024032805001630,58,58,52.00,602.00,"31,304.00",2024-03-28
832,HRL,2024032805001631,38,58,50.00,602.00,"30,100.00",2024-03-28
833,HRL,2024032805001632,34,58,90.00,602.00,"54,180.00",2024-03-28
834,HRL,2024032805001633,62,58,90.00,602.00,"54,180.00",2024-03-28
835,HRL,2024032805001635,62,57,10.00,602.00,"6,020.00",2024-03-28
836,HRL,2024032805001636,34,28,20.00,602.00,"12,040.00",2024-03-28
837,HRL,2024032805001637,8,49,6.00,590.00,"3,540.00",2024-03-28
838,HRL,2024032805001643,34,58,10.00,602.00,"6,020.00",2024-03-28
839,HRL,2024032805001644,34,21,10.00,602.00,"6,020.00",2024-03-28
840,HRL,2024032805001647,34,36,20.00,602.00,"12,040.00",2024-03-28
841,HRL,2024032805001648,34,58,20.00,602.00,"12,040.00",2024-03-28
842,HRL,2024032805001650,48,38,20.00,602.10,"12,042.00",2024-03-28
843,HRL,2024032805001653,48,58,20.00,602.10,"12,042.00",2024-03-28
844,HRL,2024032805001656,48,35,10.00,602.10,"6,021.00",2024-03-28
845,HRL,2024032805001658,48,38,30.00,602.10,"18,063.00",2024-03-28
846,HRL,2024032805001659,48,57,20.00,602.10,"12,042.00",2024-03-28
847,HRL,2024032805001662,33,58,10.00,602.20,"6,022.00",2024-03-28
848,HRL,2024032805001670,33,58,10.00,602.20,"6,022.00",2024-03-28
849,HRL,2024032805001674,33,57,10.00,602.20,"6,022.00",2024-03-28
850,HRL,2024032805001677,33,35,10.00,602.20,"6,022.00",2024-03-28
851,HRL,2024032805001678,33,54,10.00,602.20,"6,022.00",2024-03-28
852,HRL,2024032805001679,48,32,10.00,602.10,"6,021.00",2024-03-28
853,HRL,2024032805001680,48,48,10.00,602.10,"6,021.00",2024-03-28
854,HRL,2024032805001685,34,45,20.00,602.00,"12,040.00",2024-03-28
855,HRL,2024032805001686,34,58,20.00,602.00,"12,040.00",2024-03-28
856,HRL,2024032805001689,34,58,20.00,602.00,"12,040.00",2024-03-28
857,HRL,2024032805001691,45,38,10.00,602.10,"6,021.00",2024-03-28
858,HRL,2024032805001693,34,7,20.00,602.00,"12,040.00",2024-03-28
859,HRL,2024032805001706,34,22,10.00,602.00,"6,020.00",2024-03-28
860,HRL,2024032805001707,34,49,30.00,602.00,"18,060.00",2024-03-28
861,HRL,2024032805001708,29,49,50.00,602.00,"30,100.00",2024-03-28
862,HRL,2024032805001709,35,49,10.00,602.00,"6,020.00",2024-03-28
863,HRL,2024032805001710,35,49,20.00,602.00,"12,040.00",2024-03-28
864,HRL,2024032805001711,14,49,80.00,602.00,"48,160.00",2024-03-28
865,HRL,2024032805001714,50,11,10.00,601.90,"6,019.00",2024-03-28
866,HRL,2024032805001719,50,28,30.00,601.90,"18,057.00",2024-03-28
867,HRL,2024032805001724,50,45,10.00,601.90,"6,019.00",2024-03-28
868,HRL,2024032805001726,45,49,95.00,602.00,"57,190.00",2024-03-28
869,HRL,2024032805001727,13,48,10.00,602.00,"6,020.00",2024-03-28
870,HRL,2024032805001728,13,35,10.00,602.00,"6,020.00",2024-03-28
871,HRL,2024032805001729,50,43,10.00,601.90,"6,019.00",2024-03-28
872,HRL,2024032805001731,50,48,10.00,601.90,"6,019.00",2024-03-28
873,HRL,2024032805001732,50,49,10.00,601.90,"6,019.00",2024-03-28
874,HRL,2024032805001737,50,58,20.00,601.90,"12,038.00",2024-03-28
875,HRL,2024032805001738,50,58,20.00,601.90,"12,038.00",2024-03-28
876,HRL,2024032805001744,50,47,20.00,601.90,"12,038.00",2024-03-28
877,HRL,2024032805001745,50,21,20.00,601.90,"12,038.00",2024-03-28
878,HRL,2024032805001747,50,46,10.00,601.90,"6,019.00",2024-03-28
879,HRL,2024032805001748,50,54,10.00,601.90,"6,019.00",2024-03-28
880,HRL,2024032805001749,50,4,20.00,601.90,"12,038.00",2024-03-28
881,HRL,2024032805001751,44,56,10.00,602.00,"6,020.00",2024-03-28
882,HRL,2024032805001752,44,62,10.00,602.00,"6,020.00",2024-03-28
883,HRL,2024032805001753,44,58,10.00,602.00,"6,020.00",2024-03-28
884,HRL,2024032805001754,44,13,20.00,602.00,"12,040.00",2024-03-28
885,HRL,2024032805001755,44,47,10.00,602.00,"6,020.00",2024-03-28
886,HRL,2024032805001757,44,58,10.00,602.00,"6,020.00",2024-03-28
887,HRL,2024032805001764,44,58,10.00,602.00,"6,020.00",2024-03-28
888,HRL,2024032805001765,44,56,20.00,602.00,"12,040.00",2024-03-28
889,HRL,2024032805001766,50,47,20.00,601.90,"12,038.00",2024-03-28
890,HRL,2024032805001767,45,42,15.00,602.00,"9,030.00",2024-03-28
891,HRL,2024032805001768,50,29,10.00,601.90,"6,019.00",2024-03-28
892,HRL,2024032805001770,50,43,10.00,601.90,"6,019.00",2024-03-28
893,HRL,2024032805001771,50,58,20.00,601.90,"12,038.00",2024-03-28
894,HRL,2024032805001773,50,4,10.00,601.90,"6,019.00",2024-03-28
895,HRL,2024032805001774,50,32,20.00,601.90,"12,038.00",2024-03-28
896,HRL,2024032805001775,50,45,20.00,601.90,"12,038.00",2024-03-28
897,HRL,2024032805001776,5,58,20.00,602.00,"12,040.00",2024-03-28
898,HRL,2024032805001777,5,32,10.00,602.00,"6,020.00",2024-03-28
899,HRL,2024032805001783,5,41,20.00,602.00,"12,040.00",2024-03-28
900,HRL,2024032805001784,5,58,20.00,602.00,"12,040.00",2024-03-28
901,HRL,2024032805001785,5,44,30.00,602.00,"18,060.00",2024-03-28
902,HRL,2024032805001786,25,44,10.00,602.00,"6,020.00",2024-03-28
903,HRL,2024032805001788,25,35,10.00,602.00,"6,020.00",2024-03-28
904,HRL,2024032805001789,25,47,10.00,602.00,"6,020.00",2024-03-28
905,HRL,2024032805001790,50,47,10.00,601.90,"6,019.00",2024-03-28
906,HRL,2024032805001800,50,38,10.00,601.90,"6,019.00",2024-03-28
907,HRL,2024032805001801,50,41,10.00,601.90,"6,019.00",2024-03-28
908,HRL,2024032805001803,50,7,10.00,601.90,"6,019.00",2024-03-28
909,HRL,2024032805001804,50,35,10.00,601.90,"6,019.00",2024-03-28
910,HRL,2024032805001805,41,29,20.00,602.00,"12,040.00",2024-03-28
911,HRL,2024032805001806,41,19,10.00,602.00,"6,020.00",2024-03-28
912,HRL,2024032805001807,41,38,10.00,602.00,"6,020.00",2024-03-28
913,HRL,2024032805001808,41,34,20.00,602.00,"12,040.00",2024-03-28
914,HRL,2024032805001810,41,4,10.00,602.00,"6,020.00",2024-03-28
915,HRL,2024032805001811,41,58,10.00,602.00,"6,020.00",2024-03-28
916,HRL,2024032805001812,41,22,10.00,602.00,"6,020.00",2024-03-28
917,HRL,2024032805001813,41,29,10.00,602.00,"6,020.00",2024-03-28
918,HRL,2024032805001814,47,38,10.00,602.00,"6,020.00",2024-03-28
919,HRL,2024032805001815,47,47,20.00,602.00,"12,040.00",2024-03-28
920,HRL,2024032805001816,47,57,10.00,602.00,"6,020.00",2024-03-28
921,HRL,2024032805001817,47,32,20.00,602.00,"12,040.00",2024-03-28
922,HRL,2024032805001823,47,41,10.00,602.00,"6,020.00",2024-03-28
923,HRL,2024032805001824,47,56,10.00,602.00,"6,020.00",2024-03-28
924,HRL,2024032805001825,47,36,10.00,602.30,"6,023.00",2024-03-28
925,HRL,2024032805001826,47,46,10.00,602.50,"6,025.00",2024-03-28
926,HRL,2024032805001827,47,38,10.00,602.50,"6,025.00",2024-03-28
927,HRL,2024032805001828,47,54,15.00,602.50,"9,037.50",2024-03-28
928,HRL,2024032805001830,50,58,10.00,601.90,"6,019.00",2024-03-28
929,HRL,2024032805001832,50,34,20.00,601.90,"12,038.00",2024-03-28
930,HRL,2024032805001833,50,35,10.00,601.90,"6,019.00",2024-03-28
931,HRL,2024032805001834,50,47,20.00,601.90,"12,038.00",2024-03-28
932,HRL,2024032805001835,50,58,10.00,601.90,"6,019.00",2024-03-28
933,HRL,2024032805001838,50,58,10.00,601.90,"6,019.00",2024-03-28
934,HRL,2024032805001839,51,49,10.00,602.00,"6,020.00",2024-03-28
935,HRL,2024032805001840,51,32,10.00,602.00,"6,020.00",2024-03-28
936,HRL,2024032805001841,50,58,60.00,601.90,"36,114.00",2024-03-28
937,HRL,2024032805001842,52,58,125.00,601.80,"75,225.00",2024-03-28
938,HRL,2024032805001843,14,58,200.00,601.80,"120,360.00",2024-03-28
939,HRL,2024032805001844,41,58,10.00,601.50,"6,015.00",2024-03-28
940,HRL,2024032805001845,10,58,105.00,601.30,"63,136.50",2024-03-28
941,HRL,2024032805001849,10,34,20.00,601.30,"12,026.00",2024-03-28
942,HRL,2024032805001853,10,29,10.00,601.30,"6,013.00",2024-03-28
943,HRL,2024032805001854,10,14,10.00,601.30,"6,013.00",2024-03-28
944,HRL,2024032805001855,10,41,10.00,601.30,"6,013.00",2024-03-28
945,HRL,2024032805001856,10,29,20.00,601.30,"12,026.00",2024-03-28
946,HRL,2024032805001857,10,58,10.00,601.30,"6,013.00",2024-03-28
947,HRL,2024032805001861,38,43,10.00,601.20,"6,012.00",2024-03-28
948,HRL,2024032805001864,38,68,30.00,601.20,"18,036.00",2024-03-28
949,HRL,2024032805001865,38,42,10.00,601.20,"6,012.00",2024-03-28
950,HRL,2024032805001866,38,57,10.00,601.20,"6,012.00",2024-03-28
951,HRL,2024032805001867,38,58,10.00,601.20,"6,012.00",2024-03-28
952,HRL,2024032805001869,36,38,10.00,601.30,"6,013.00",2024-03-28
953,HRL,2024032805001870,38,42,10.00,601.20,"6,012.00",2024-03-28
954,HRL,2024032805001876,38,42,20.00,601.20,"12,024.00",2024-03-28
955,HRL,2024032805001879,19,45,10.00,601.20,"6,012.00",2024-03-28
956,HRL,2024032805001881,19,34,10.00,601.20,"6,012.00",2024-03-28
957,HRL,2024032805001882,45,58,10.00,601.30,"6,013.00",2024-03-28
958,HRL,2024032805001883,45,14,20.00,601.30,"12,026.00",2024-03-28
959,HRL,2024032805001894,45,18,10.00,601.30,"6,013.00",2024-03-28
960,HRL,2024032805001895,45,56,10.00,601.30,"6,013.00",2024-03-28
961,HRL,2024032805001900,19,57,30.00,601.20,"18,036.00",2024-03-28
962,HRL,2024032805001901,14,57,10.00,601.20,"6,012.00",2024-03-28
963,HRL,2024032805001903,14,45,20.00,601.20,"12,024.00",2024-03-28
964,HRL,2024032805001904,35,29,10.00,601.40,"6,014.00",2024-03-28
965,HRL,2024032805001905,14,58,20.00,601.20,"12,024.00",2024-03-28
966,HRL,2024032805001906,34,49,10.00,601.30,"6,013.00",2024-03-28
967,HRL,2024032805001907,34,22,20.00,601.30,"12,026.00",2024-03-28
968,HRL,2024032805001914,42,48,10.00,601.10,"6,011.00",2024-03-28
969,HRL,2024032805001915,5,48,30.00,601.10,"18,033.00",2024-03-28
970,HRL,2024032805001916,5,58,10.00,601.10,"6,011.00",2024-03-28
971,HRL,2024032805001917,48,58,10.00,601.10,"6,011.00",2024-03-28
972,HRL,2024032805001919,35,1,10.00,601.40,"6,014.00",2024-03-28
973,HRL,2024032805001926,32,41,193.00,601.10,"116,012.30",2024-03-28
974,HRL,2024032805001927,7,45,20.00,601.50,"12,030.00",2024-03-28
975,HRL,2024032805001928,7,52,30.00,602.00,"18,060.00",2024-03-28
976,HRL,2024032805001929,7,47,30.00,602.00,"18,060.00",2024-03-28
977,HRL,2024032805001930,79,6,10.00,602.00,"6,020.00",2024-03-28
978,HRL,2024032805001931,79,14,25.00,602.50,"15,062.50",2024-03-28
979,HRL,2024032805001932,79,1,30.00,603.00,"18,090.00",2024-03-28
980,HRL,2024032805001933,79,49,10.00,603.00,"6,030.00",2024-03-28
981,HRL,2024032805001934,79,75,10.00,603.00,"6,030.00",2024-03-28
982,HRL,2024032805001935,79,20,10.00,603.00,"6,030.00",2024-03-28
983,HRL,2024032805001936,79,58,10.00,603.00,"6,030.00",2024-03-28
984,HRL,2024032805001937,79,58,10.00,603.00,"6,030.00",2024-03-28
985,HRL,2024032805001938,79,35,10.00,603.00,"6,030.00",2024-03-28
986,HRL,2024032805001939,79,34,10.00,603.00,"6,030.00",2024-03-28
987,HRL,2024032805001940,79,32,10.00,603.00,"6,030.00",2024-03-28
988,HRL,2024032805001941,79,77,10.00,603.00,"6,030.00",2024-03-28
989,HRL,2024032805001942,79,58,10.00,603.00,"6,030.00",2024-03-28
990,HRL,2024032805001943,32,17,10.00,601.10,"6,011.00",2024-03-28
991,HRL,2024032805001950,47,58,15.00,601.50,"9,022.50",2024-03-28
992,HRL,2024032805001951,32,58,15.00,601.10,"9,016.50",2024-03-28
993,HRL,2024032805001952,36,48,30.00,601.20,"18,036.00",2024-03-28
994,HRL,2024032805001954,32,29,10.00,601.10,"6,011.00",2024-03-28
995,HRL,2024032805001956,14,65,10.00,601.30,"6,013.00",2024-03-28
996,HRL,2024032805001957,14,4,20.00,601.30,"12,026.00",2024-03-28
997,HRL,2024032805001959,14,19,10.00,601.30,"6,013.00",2024-03-28
998,HRL,2024032805001961,14,58,10.00,601.30,"6,013.00",2024-03-28
999,HRL,2024032805001962,32,58,20.00,601.10,"12,022.00",2024-03-28
1000,HRL,2024032805001967,32,39,10.00,601.10,"6,011.00",2024-03-28
1001,HRL,2024032805001968,32,54,10.00,601.10,"6,011.00",2024-03-28
1002,HRL,2024032805001969,32,58,20.00,601.10,"12,022.00",2024-03-28
1003,HRL,2024032805001971,45,42,10.00,601.20,"6,012.00",2024-03-28
1004,HRL,2024032805001972,45,33,20.00,601.20,"12,024.00",2024-03-28
1005,HRL,2024032805001974,45,42,10.00,601.20,"6,012.00",2024-03-28
1006,HRL,2024032805001975,45,42,20.00,601.20,"12,024.00",2024-03-28
1007,HRL,2024032805001977,21,14,15.00,601.50,"9,022.50",2024-03-28
1008,HRL,2024032805001979,82,14,185.00,601.50,"111,277.50",2024-03-28
1009,HRL,2024032805001980,82,18,10.00,602.00,"6,020.00",2024-03-28
1010,HRL,2024032805001981,82,58,10.00,602.00,"6,020.00",2024-03-28
1011,HRL,2024032805001982,82,35,10.00,602.00,"6,020.00",2024-03-28
1012,HRL,2024032805001983,82,29,10.00,602.00,"6,020.00",2024-03-28
1013,HRL,2024032805001984,82,43,20.00,602.00,"12,040.00",2024-03-28
1014,HRL,2024032805001985,82,35,10.00,602.00,"6,020.00",2024-03-28
1015,HRL,2024032805001986,82,17,10.00,602.00,"6,020.00",2024-03-28
1016,HRL,2024032805001992,34,7,10.00,602.10,"6,021.00",2024-03-28
1017,HRL,2024032805001996,34,58,10.00,602.10,"6,021.00",2024-03-28
1018,HRL,2024032805001998,82,34,10.00,602.90,"6,029.00",2024-03-28
1019,HRL,2024032805001999,82,4,30.00,602.90,"18,087.00",2024-03-28
1020,HRL,2024032805002000,82,3,10.00,603.00,"6,030.00",2024-03-28
1021,HRL,2024032805002001,82,45,10.00,603.00,"6,030.00",2024-03-28
1022,HRL,2024032805002002,82,34,10.00,603.00,"6,030.00",2024-03-28
1023,HRL,2024032805002003,82,8,300.00,603.00,"180,900.00",2024-03-28
1024,HRL,2024032805002004,82,59,10.00,603.00,"6,030.00",2024-03-28
1025,HRL,2024032805002005,82,58,10.00,603.00,"6,030.00",2024-03-28
1026,HRL,2024032805002006,82,53,10.00,603.00,"6,030.00",2024-03-28
1027,HRL,2024032805002007,82,38,507.00,603.00,"305,721.00",2024-03-28
1028,HRL,2024032805002008,82,34,20.00,603.00,"12,060.00",2024-03-28
1029,HRL,2024032805002009,82,36,20.00,603.00,"12,060.00",2024-03-28
1030,HRL,2024032805002013,82,58,10.00,603.00,"6,030.00",2024-03-28
1031,HRL,2024032805002014,82,58,10.00,603.00,"6,030.00",2024-03-28
1032,HRL,2024032805002015,82,44,20.00,603.00,"12,060.00",2024-03-28
1033,HRL,2024032805002017,82,18,10.00,603.00,"6,030.00",2024-03-28
1034,HRL,2024032805002020,82,5,10.00,603.00,"6,030.00",2024-03-28
1035,HRL,2024032805002021,82,68,10.00,603.00,"6,030.00",2024-03-28
1036,HRL,2024032805002026,82,21,10.00,603.00,"6,030.00",2024-03-28
1037,HRL,2024032805002027,82,18,10.00,603.00,"6,030.00",2024-03-28
1038,HRL,2024032805002028,6,58,10.00,603.10,"6,031.00",2024-03-28
1039,HRL,2024032805002029,6,77,10.00,603.10,"6,031.00",2024-03-28
1040,HRL,2024032805002030,6,58,10.00,603.10,"6,031.00",2024-03-28
1041,HRL,2024032805002032,82,58,20.00,603.00,"12,060.00",2024-03-28
1042,HRL,2024032805002033,82,14,20.00,603.00,"12,060.00",2024-03-28
1043,HRL,2024032805002035,82,51,10.00,603.00,"6,030.00",2024-03-28
1044,HRL,2024032805002036,82,58,10.00,603.00,"6,030.00",2024-03-28
1045,HRL,2024032805002038,82,47,10.00,603.00,"6,030.00",2024-03-28
1046,HRL,2024032805002039,82,29,20.00,603.00,"12,060.00",2024-03-28
1047,HRL,2024032805002040,82,49,20.00,603.00,"12,060.00",2024-03-28
1048,HRL,2024032805002042,82,58,10.00,603.00,"6,030.00",2024-03-28
1049,HRL,2024032805002043,82,34,10.00,603.00,"6,030.00",2024-03-28
1050,HRL,2024032805002044,82,18,10.00,603.00,"6,030.00",2024-03-28
1051,HRL,2024032805002045,82,49,10.00,603.00,"6,030.00",2024-03-28
1052,HRL,2024032805002047,82,26,20.00,603.00,"12,060.00",2024-03-28
1053,HRL,2024032805002049,35,49,20.00,603.50,"12,070.00",2024-03-28
1054,HRL,2024032805002050,35,57,10.00,603.50,"6,035.00",2024-03-28
1055,HRL,2024032805002053,82,32,20.00,603.00,"12,060.00",2024-03-28
1056,HRL,2024032805002054,82,42,10.00,603.00,"6,030.00",2024-03-28
1057,HRL,2024032805002055,82,18,10.00,603.00,"6,030.00",2024-03-28
1058,HRL,2024032805002056,82,20,10.00,603.00,"6,030.00",2024-03-28
1059,HRL,2024032805002058,82,39,10.00,603.00,"6,030.00",2024-03-28
1060,HRL,2024032805002059,82,58,10.00,603.00,"6,030.00",2024-03-28
1061,HRL,2024032805002061,82,18,10.00,603.00,"6,030.00",2024-03-28
1062,HRL,2024032805002062,82,43,20.00,603.00,"12,060.00",2024-03-28
1063,HRL,2024032805002063,82,42,20.00,603.00,"12,060.00",2024-03-28
1064,HRL,2024032805002064,82,42,10.00,603.00,"6,030.00",2024-03-28
1065,HRL,2024032805002067,82,45,10.00,603.00,"6,030.00",2024-03-28
1066,HRL,2024032805002068,82,58,50.00,603.00,"30,150.00",2024-03-28
1067,HRL,2024032805002072,82,18,20.00,603.00,"12,060.00",2024-03-28
1068,HRL,2024032805002073,82,36,318.00,603.00,"191,754.00",2024-03-28
1069,HRL,2024032805002074,57,36,20.00,603.00,"12,060.00",2024-03-28
1070,HRL,2024032805002075,42,36,30.00,603.00,"18,090.00",2024-03-28
1071,HRL,2024032805002076,1,36,100.00,603.00,"60,300.00",2024-03-28
1072,HRL,2024032805002077,36,36,15.00,603.00,"9,045.00",2024-03-28
1073,HRL,2024032805002078,45,36,20.00,603.00,"12,060.00",2024-03-28
1074,HRL,2024032805002079,35,47,10.00,602.40,"6,024.00",2024-03-28
1075,HRL,2024032805002081,49,25,10.00,602.30,"6,023.00",2024-03-28
1076,HRL,2024032805002082,49,41,10.00,602.30,"6,023.00",2024-03-28
1077,HRL,2024032805002084,26,45,10.00,602.50,"6,025.00",2024-03-28
1078,HRL,2024032805002085,26,36,40.00,603.00,"24,120.00",2024-03-28
1079,HRL,2024032805002086,49,32,30.00,602.30,"18,069.00",2024-03-28
1080,HRL,2024032805002087,49,11,150.00,602.30,"90,345.00",2024-03-28
1081,HRL,2024032805002088,48,11,43.00,602.20,"25,894.60",2024-03-28
1082,HRL,2024032805002096,34,41,10.00,602.10,"6,021.00",2024-03-28
1083,HRL,2024032805002097,34,58,20.00,602.10,"12,042.00",2024-03-28
1084,HRL,2024032805002103,7,1,20.00,602.30,"12,046.00",2024-03-28
1085,HRL,2024032805002107,34,49,10.00,602.10,"6,021.00",2024-03-28
1086,HRL,2024032805002113,34,1,10.00,602.10,"6,021.00",2024-03-28
1087,HRL,2024032805002115,17,11,50.00,602.30,"30,115.00",2024-03-28
1088,HRL,2024032805002119,34,20,10.00,602.10,"6,021.00",2024-03-28
1089,HRL,2024032805002122,38,58,20.00,602.10,"12,042.00",2024-03-28
1090,HRL,2024032805002123,38,14,10.00,602.10,"6,021.00",2024-03-28
1091,HRL,2024032805002124,41,11,10.00,602.30,"6,023.00",2024-03-28
1092,HRL,2024032805002125,38,58,10.00,602.10,"6,021.00",2024-03-28
1093,HRL,2024032805002127,38,35,30.00,602.10,"18,063.00",2024-03-28
1094,HRL,2024032805002128,58,36,160.00,602.90,"96,464.00",2024-03-28
1095,HRL,2024032805002129,38,39,20.00,602.10,"12,042.00",2024-03-28
1096,HRL,2024032805002133,38,17,10.00,602.10,"6,021.00",2024-03-28
1097,HRL,2024032805002134,42,17,20.00,602.10,"12,042.00",2024-03-28
1098,HRL,2024032805002135,42,38,10.00,602.10,"6,021.00",2024-03-28
1099,HRL,2024032805002136,42,36,100.00,602.10,"60,210.00",2024-03-28
1100,HRL,2024032805002138,42,7,10.00,602.10,"6,021.00",2024-03-28
1101,HRL,2024032805002139,42,48,20.00,602.10,"12,042.00",2024-03-28
1102,HRL,2024032805002140,42,39,10.00,602.10,"6,021.00",2024-03-28
1103,HRL,2024032805002141,42,57,20.00,602.10,"12,042.00",2024-03-28
1104,HRL,2024032805002145,42,36,10.00,602.10,"6,021.00",2024-03-28
1105,HRL,2024032805002149,58,38,20.00,602.20,"12,044.00",2024-03-28
1106,HRL,2024032805002150,58,35,10.00,602.20,"6,022.00",2024-03-28
1107,HRL,2024032805002151,58,32,10.00,602.20,"6,022.00",2024-03-28
1108,HRL,2024032805002156,58,55,20.00,602.20,"12,044.00",2024-03-28
1109,HRL,2024032805002159,58,55,20.00,602.20,"12,044.00",2024-03-28
1110,HRL,2024032805002161,1,45,20.00,602.30,"12,046.00",2024-03-28
1111,HRL,2024032805002170,21,57,10.00,602.30,"6,023.00",2024-03-28
1112,HRL,2024032805002173,21,21,10.00,602.30,"6,023.00",2024-03-28
1113,HRL,2024032805002177,21,39,20.00,602.30,"12,046.00",2024-03-28
1114,HRL,2024032805002178,21,17,10.00,602.30,"6,023.00",2024-03-28
1115,HRL,2024032805002184,21,43,20.00,602.30,"12,046.00",2024-03-28
1116,HRL,2024032805002185,21,54,30.00,602.30,"18,069.00",2024-03-28
1117,HRL,2024032805002187,58,49,10.00,602.20,"6,022.00",2024-03-28
1118,HRL,2024032805002193,58,13,10.00,602.20,"6,022.00",2024-03-28
1119,HRL,2024032805002195,48,21,10.00,602.30,"6,023.00",2024-03-28
1120,HRL,2024032805002197,58,66,18.00,602.20,"10,839.60",2024-03-28
1121,HRL,2024032805002217,42,41,10.00,602.30,"6,023.00",2024-03-28
1122,HRL,2024032805002218,42,38,10.00,602.30,"6,023.00",2024-03-28
1123,HRL,2024032805002219,42,14,40.00,602.30,"24,092.00",2024-03-28
1124,HRL,2024032805002231,42,29,10.00,602.30,"6,023.00",2024-03-28
1125,HRL,2024032805002232,42,58,20.00,602.30,"12,046.00",2024-03-28
1126,HRL,2024032805002233,42,29,20.00,602.30,"12,046.00",2024-03-28
1127,HRL,2024032805002234,42,34,20.00,602.30,"12,046.00",2024-03-28
1128,HRL,2024032805002235,42,25,10.00,602.30,"6,023.00",2024-03-28
1129,HRL,2024032805002242,42,3,20.00,602.30,"12,046.00",2024-03-28
1130,HRL,2024032805002243,7,19,20.00,602.40,"12,048.00",2024-03-28
1131,HRL,2024032805002244,42,6,10.00,602.30,"6,023.00",2024-03-28
1132,HRL,2024032805002245,42,54,10.00,602.50,"6,025.00",2024-03-28
1133,HRL,2024032805002246,42,36,340.00,602.90,"204,986.00",2024-03-28
1134,HRL,2024032805002247,42,32,10.00,602.90,"6,029.00",2024-03-28
1135,HRL,2024032805002248,42,59,10.00,602.90,"6,029.00",2024-03-28
1136,HRL,2024032805002249,42,33,100.00,602.90,"60,290.00",2024-03-28
1137,HRL,2024032805002255,58,41,10.00,602.90,"6,029.00",2024-03-28
1138,HRL,2024032805002256,58,36,390.00,603.00,"235,170.00",2024-03-28
1139,HRL,2024032805002286,49,36,300.00,603.00,"180,900.00",2024-03-28
1140,HRL,2024032805002287,58,36,495.00,603.00,"298,485.00",2024-03-28
1141,HRL,2024032805002288,58,57,160.00,603.00,"96,480.00",2024-03-28
1142,HRL,2024032805002289,58,22,10.00,603.00,"6,030.00",2024-03-28
1143,HRL,2024032805002290,58,11,50.00,603.00,"30,150.00",2024-03-28
1144,HRL,2024032805002291,58,39,40.00,603.00,"24,120.00",2024-03-28
1145,HRL,2024032805002292,58,49,10.00,603.00,"6,030.00",2024-03-28
1146,HRL,2024032805002293,58,66,10.00,603.00,"6,030.00",2024-03-28
1147,HRL,2024032805002294,58,33,25.00,603.00,"15,075.00",2024-03-28
1148,HRL,2024032805002297,58,33,125.00,603.00,"75,375.00",2024-03-28
1149,HRL,2024032805002298,58,45,10.00,603.00,"6,030.00",2024-03-28
1150,HRL,2024032805002299,58,45,20.00,603.00,"12,060.00",2024-03-28
1151,HRL,2024032805002300,58,45,20.00,603.00,"12,060.00",2024-03-28
1152,HRL,2024032805002301,58,16,10.00,603.00,"6,030.00",2024-03-28
1153,HRL,2024032805002304,58,49,10.00,603.00,"6,030.00",2024-03-28
1154,HRL,2024032805002315,58,54,20.00,603.00,"12,060.00",2024-03-28
1155,HRL,2024032805002327,58,45,10.00,603.00,"6,030.00",2024-03-28
1156,HRL,2024032805002330,58,49,10.00,603.00,"6,030.00",2024-03-28
1157,HRL,2024032805002333,58,58,10.00,603.00,"6,030.00",2024-03-28
1158,HRL,2024032805002334,58,6,10.00,603.00,"6,030.00",2024-03-28
1159,HRL,2024032805002335,58,28,10.00,603.00,"6,030.00",2024-03-28
1160,HRL,2024032805002336,78,58,10.00,603.50,"6,035.00",2024-03-28
1161,HRL,2024032805002337,78,44,20.00,603.90,"12,078.00",2024-03-28
1162,HRL,2024032805002338,78,47,10.00,603.90,"6,039.00",2024-03-28
1163,HRL,2024032805002339,58,17,417.00,603.00,"251,451.00",2024-03-28
1164,HRL,2024032805002341,42,46,10.00,602.30,"6,023.00",2024-03-28
1165,HRL,2024032805002342,45,7,10.00,602.40,"6,024.00",2024-03-28
1166,HRL,2024032805002353,45,49,10.00,602.40,"6,024.00",2024-03-28
1167,HRL,2024032805002357,57,59,10.00,602.50,"6,025.00",2024-03-28
1168,HRL,2024032805002359,45,44,10.00,602.40,"6,024.00",2024-03-28
1169,HRL,2024032805002360,45,58,10.00,602.40,"6,024.00",2024-03-28
1170,HRL,2024032805002363,45,58,10.00,602.40,"6,024.00",2024-03-28
1171,HRL,2024032805002364,50,58,20.00,602.50,"12,050.00",2024-03-28
1172,HRL,2024032805002365,50,45,20.00,602.50,"12,050.00",2024-03-28
1173,HRL,2024032805002368,34,17,10.00,603.00,"6,030.00",2024-03-28
1174,HRL,2024032805002369,50,55,10.00,602.50,"6,025.00",2024-03-28
1175,HRL,2024032805002370,50,55,10.00,602.50,"6,025.00",2024-03-28
1176,HRL,2024032805002371,45,55,20.00,602.40,"12,048.00",2024-03-28
1177,HRL,2024032805002375,45,17,10.00,602.40,"6,024.00",2024-03-28
1178,HRL,2024032805002389,50,58,10.00,602.50,"6,025.00",2024-03-28
1179,HRL,2024032805002390,50,46,10.00,602.50,"6,025.00",2024-03-28
1180,HRL,2024032805002393,17,49,20.00,602.50,"12,050.00",2024-03-28
1181,HRL,2024032805002394,17,4,10.00,602.50,"6,025.00",2024-03-28
1182,HRL,2024032805002396,3,45,10.00,602.50,"6,025.00",2024-03-28
1183,HRL,2024032805002397,49,17,90.00,603.00,"54,270.00",2024-03-28
1184,HRL,2024032805002398,41,17,40.00,603.00,"24,120.00",2024-03-28
1185,HRL,2024032805002400,82,17,23.00,603.00,"13,869.00",2024-03-28
1186,HRL,2024032805002401,82,34,20.00,603.00,"12,060.00",2024-03-28
1187,HRL,2024032805002402,82,45,10.00,603.00,"6,030.00",2024-03-28
1188,HRL,2024032805002403,82,42,10.00,603.00,"6,030.00",2024-03-28
1189,HRL,2024032805002404,82,49,30.00,603.00,"18,090.00",2024-03-28
1190,HRL,2024032805002405,82,38,20.00,603.00,"12,060.00",2024-03-28
1191,HRL,2024032805002406,82,39,20.00,603.00,"12,060.00",2024-03-28
1192,HRL,2024032805002410,82,42,10.00,603.00,"6,030.00",2024-03-28
1193,HRL,2024032805002412,82,6,10.00,603.00,"6,030.00",2024-03-28
1194,HRL,2024032805002417,82,28,10.00,603.00,"6,030.00",2024-03-28
1195,HRL,2024032805002418,82,29,20.00,603.00,"12,060.00",2024-03-28
1196,HRL,2024032805002423,82,77,817.00,603.00,"492,651.00",2024-03-28
1197,HRL,2024032805002424,4,77,150.00,603.00,"90,450.00",2024-03-28
1198,HRL,2024032805002425,3,77,490.00,602.50,"295,225.00",2024-03-28
1199,HRL,2024032805002426,45,77,420.00,602.40,"253,008.00",2024-03-28
1200,HRL,2024032805002427,62,77,113.00,602.40,"68,071.20",2024-03-28
1201,HRL,2024032805002428,62,35,10.00,602.40,"6,024.00",2024-03-28
1202,HRL,2024032805002436,62,66,10.00,602.40,"6,024.00",2024-03-28
1203,HRL,2024032805002438,62,35,10.00,602.40,"6,024.00",2024-03-28
1204,HRL,2024032805002441,62,56,10.00,602.40,"6,024.00",2024-03-28
1205,HRL,2024032805002447,1,58,10.00,603.00,"6,030.00",2024-03-28
1206,HRL,2024032805002448,1,58,10.00,603.00,"6,030.00",2024-03-28
1207,HRL,2024032805002449,3,7,10.00,603.00,"6,030.00",2024-03-28
1208,HRL,2024032805002458,3,46,10.00,603.00,"6,030.00",2024-03-28
1209,HRL,2024032805002460,62,54,13.00,602.40,"7,831.20",2024-03-28
1210,HRL,2024032805002461,45,54,17.00,602.40,"10,240.80",2024-03-28
1211,HRL,2024032805002466,45,42,10.00,602.40,"6,024.00",2024-03-28
1212,HRL,2024032805002467,45,8,10.00,602.40,"6,024.00",2024-03-28
1213,HRL,2024032805002469,82,4,30.00,603.00,"18,090.00",2024-03-28
1214,HRL,2024032805002470,82,58,10.00,603.00,"6,030.00",2024-03-28
1215,HRL,2024032805002471,82,4,20.00,603.00,"12,060.00",2024-03-28
1216,HRL,2024032805002473,82,33,10.00,603.00,"6,030.00",2024-03-28
1217,HRL,2024032805002477,82,49,10.00,603.00,"6,030.00",2024-03-28
1218,HRL,2024032805002493,82,55,20.00,603.00,"12,060.00",2024-03-28
1219,HRL,2024032805002494,82,52,10.00,603.00,"6,030.00",2024-03-28
1220,HRL,2024032805002495,39,45,10.00,603.50,"6,035.00",2024-03-28
1221,HRL,2024032805002496,39,38,10.00,603.50,"6,035.00",2024-03-28
1222,HRL,2024032805002497,39,36,20.00,603.50,"12,070.00",2024-03-28
1223,HRL,2024032805002498,14,22,10.00,603.10,"6,031.00",2024-03-28
1224,HRL,2024032805002499,25,6,20.00,603.50,"12,070.00",2024-03-28
1225,HRL,2024032805002500,25,41,20.00,603.50,"12,070.00",2024-03-28
1226,HRL,2024032805002501,25,58,10.00,603.70,"6,037.00",2024-03-28
1227,HRL,2024032805002502,14,22,10.00,603.10,"6,031.00",2024-03-28
1228,HRL,2024032805002503,82,22,30.00,603.90,"18,117.00",2024-03-28
1229,HRL,2024032805002504,82,57,10.00,604.00,"6,040.00",2024-03-28
1230,HRL,2024032805002505,82,51,10.00,604.00,"6,040.00",2024-03-28
1231,HRL,2024032805002506,82,49,10.00,604.00,"6,040.00",2024-03-28
1232,HRL,2024032805002507,82,58,20.00,604.00,"12,080.00",2024-03-28
1233,HRL,2024032805002508,82,35,10.00,604.00,"6,040.00",2024-03-28
1234,HRL,2024032805002509,82,33,100.00,604.00,"60,400.00",2024-03-28
1235,HRL,2024032805002510,82,38,10.00,604.00,"6,040.00",2024-03-28
1236,HRL,2024032805002511,82,32,20.00,604.00,"12,080.00",2024-03-28
1237,HRL,2024032805002512,82,41,130.00,604.00,"78,520.00",2024-03-28
1238,HRL,2024032805002513,82,42,10.00,604.00,"6,040.00",2024-03-28
1239,HRL,2024032805002514,82,1,10.00,604.00,"6,040.00",2024-03-28
1240,HRL,2024032805002515,82,21,10.00,604.00,"6,040.00",2024-03-28
1241,HRL,2024032805002516,82,44,20.00,604.00,"12,080.00",2024-03-28
1242,HRL,2024032805002517,82,45,10.00,604.00,"6,040.00",2024-03-28
1243,HRL,2024032805002518,82,11,10.00,604.00,"6,040.00",2024-03-28
1244,HRL,2024032805002519,82,38,10.00,604.00,"6,040.00",2024-03-28
1245,HRL,2024032805002520,82,22,10.00,604.00,"6,040.00",2024-03-28
1246,HRL,2024032805002521,82,45,10.00,604.00,"6,040.00",2024-03-28
1247,HRL,2024032805002522,82,35,10.00,604.00,"6,040.00",2024-03-28
1248,HRL,2024032805002523,82,42,40.00,604.00,"24,160.00",2024-03-28
1249,HRL,2024032805002524,82,49,30.00,604.00,"18,120.00",2024-03-28
1250,HRL,2024032805002525,82,58,30.00,604.00,"18,120.00",2024-03-28
1251,HRL,2024032805002535,82,45,10.00,604.00,"6,040.00",2024-03-28
1252,HRL,2024032805002537,82,35,10.00,604.00,"6,040.00",2024-03-28
1253,HRL,2024032805002539,82,47,20.00,604.00,"12,080.00",2024-03-28
1254,HRL,2024032805002540,82,49,10.00,604.00,"6,040.00",2024-03-28
1255,HRL,2024032805002541,65,42,10.00,604.50,"6,045.00",2024-03-28
1256,HRL,2024032805002542,65,16,20.00,604.90,"12,098.00",2024-03-28
1257,HRL,2024032805002543,65,58,20.00,605.00,"12,100.00",2024-03-28
1258,HRL,2024032805002544,65,34,10.00,605.00,"6,050.00",2024-03-28
1259,HRL,2024032805002545,65,48,10.00,605.00,"6,050.00",2024-03-28
1260,HRL,2024032805002546,65,87,10.00,605.00,"6,050.00",2024-03-28
1261,HRL,2024032805002547,65,59,10.00,605.00,"6,050.00",2024-03-28
1262,HRL,2024032805002548,65,58,20.00,605.00,"12,100.00",2024-03-28
1263,HRL,2024032805002549,65,57,10.00,605.00,"6,050.00",2024-03-28
1264,HRL,2024032805002550,65,7,30.00,605.00,"18,150.00",2024-03-28
1265,HRL,2024032805002551,65,58,20.00,605.00,"12,100.00",2024-03-28
1266,HRL,2024032805002552,65,25,10.00,605.00,"6,050.00",2024-03-28
1267,HRL,2024032805002553,65,58,20.00,605.00,"12,100.00",2024-03-28
1268,HRL,2024032805002554,65,58,20.00,605.00,"12,100.00",2024-03-28
1269,HRL,2024032805002555,65,58,20.00,605.00,"12,100.00",2024-03-28
1270,HRL,2024032805002556,65,21,30.00,605.00,"18,150.00",2024-03-28
1271,HRL,2024032805002557,65,58,20.00,605.00,"12,100.00",2024-03-28
1272,HRL,2024032805002558,65,58,20.00,605.00,"12,100.00",2024-03-28
1273,HRL,2024032805002559,65,45,10.00,605.00,"6,050.00",2024-03-28
1274,HRL,2024032805002560,65,58,10.00,605.00,"6,050.00",2024-03-28
1275,HRL,2024032805002561,65,58,20.00,605.00,"12,100.00",2024-03-28
1276,HRL,2024032805002562,65,58,20.00,605.00,"12,100.00",2024-03-28
1277,HRL,2024032805002563,65,17,10.00,605.00,"6,050.00",2024-03-28
1278,HRL,2024032805002564,65,58,20.00,605.00,"12,100.00",2024-03-28
1279,HRL,2024032805002565,65,58,20.00,605.00,"12,100.00",2024-03-28
1280,HRL,2024032805002566,65,77,10.00,605.00,"6,050.00",2024-03-28
1281,HRL,2024032805002567,65,45,20.00,605.00,"12,100.00",2024-03-28
1282,HRL,2024032805002568,65,58,20.00,605.00,"12,100.00",2024-03-28
1283,HRL,2024032805002569,65,45,10.00,605.00,"6,050.00",2024-03-28
1284,HRL,2024032805002570,65,38,10.00,605.00,"6,050.00",2024-03-28
1285,HRL,2024032805002571,65,49,30.00,605.00,"18,150.00",2024-03-28
1286,HRL,2024032805002572,65,45,10.00,605.00,"6,050.00",2024-03-28
1287,HRL,2024032805002573,65,49,30.00,605.00,"18,150.00",2024-03-28
1288,HRL,2024032805002574,65,42,150.00,605.00,"90,750.00",2024-03-28
1289,HRL,2024032805002575,65,58,20.00,605.00,"12,100.00",2024-03-28
1290,HRL,2024032805002576,65,58,20.00,605.00,"12,100.00",2024-03-28
1291,HRL,2024032805002577,65,58,20.00,605.00,"12,100.00",2024-03-28
1292,HRL,2024032805002578,65,58,20.00,605.00,"12,100.00",2024-03-28
1293,HRL,2024032805002579,65,4,10.00,605.00,"6,050.00",2024-03-28
1294,HRL,2024032805002580,65,42,10.00,605.00,"6,050.00",2024-03-28
1295,HRL,2024032805002581,65,45,10.00,605.00,"6,050.00",2024-03-28
1296,HRL,2024032805002582,65,54,20.00,605.00,"12,100.00",2024-03-28
1297,HRL,2024032805002583,65,17,10.00,605.00,"6,050.00",2024-03-28
1298,HRL,2024032805002584,65,53,90.00,605.00,"54,450.00",2024-03-28
1299,HRL,2024032805002585,65,38,10.00,605.00,"6,050.00",2024-03-28
1300,HRL,2024032805002586,65,45,10.00,605.00,"6,050.00",2024-03-28
1301,HRL,2024032805002587,65,4,150.00,605.00,"90,750.00",2024-03-28
1302,HRL,2024032805002588,65,45,10.00,605.00,"6,050.00",2024-03-28
1303,HRL,2024032805002589,65,48,10.00,605.00,"6,050.00",2024-03-28
1304,HRL,2024032805002590,65,48,100.00,605.00,"60,500.00",2024-03-28
1305,HRL,2024032805002591,65,58,10.00,605.00,"6,050.00",2024-03-28
1306,HRL,2024032805002592,65,25,30.00,605.00,"18,150.00",2024-03-28
1307,HRL,2024032805002593,65,55,40.00,605.00,"24,200.00",2024-03-28
1308,HRL,2024032805002594,65,49,10.00,605.00,"6,050.00",2024-03-28
1309,HRL,2024032805002595,65,56,20.00,605.00,"12,100.00",2024-03-28
1310,HRL,2024032805002596,65,41,10.00,605.00,"6,050.00",2024-03-28
1311,HRL,2024032805002597,65,38,10.00,605.00,"6,050.00",2024-03-28
1312,HRL,2024032805002598,65,58,10.00,605.00,"6,050.00",2024-03-28
1313,HRL,2024032805002599,65,45,10.00,605.00,"6,050.00",2024-03-28
1314,HRL,2024032805002600,65,17,10.00,605.00,"6,050.00",2024-03-28
1315,HRL,2024032805002601,65,58,20.00,605.00,"12,100.00",2024-03-28
1316,HRL,2024032805002602,65,35,10.00,605.00,"6,050.00",2024-03-28
1317,HRL,2024032805002603,65,58,10.00,605.00,"6,050.00",2024-03-28
1318,HRL,2024032805002604,65,58,100.00,605.00,"60,500.00",2024-03-28
1319,HRL,2024032805002605,65,32,10.00,605.00,"6,050.00",2024-03-28
1320,HRL,2024032805002606,65,49,10.00,605.00,"6,050.00",2024-03-28
1321,HRL,2024032805002607,65,48,10.00,605.00,"6,050.00",2024-03-28
1322,HRL,2024032805002608,65,38,30.00,605.00,"18,150.00",2024-03-28
1323,HRL,2024032805002609,65,58,20.00,605.00,"12,100.00",2024-03-28
1324,HRL,2024032805002610,65,59,10.00,605.00,"6,050.00",2024-03-28
1325,HRL,2024032805002611,65,57,10.00,605.00,"6,050.00",2024-03-28
1326,HRL,2024032805002612,65,41,10.00,605.00,"6,050.00",2024-03-28
1327,HRL,2024032805002613,65,49,20.00,605.00,"12,100.00",2024-03-28
1328,HRL,2024032805002614,65,49,20.00,605.00,"12,100.00",2024-03-28
1329,HRL,2024032805002615,65,58,10.00,605.00,"6,050.00",2024-03-28
1330,HRL,2024032805002616,65,49,20.00,605.00,"12,100.00",2024-03-28
1331,HRL,2024032805002617,65,35,10.00,605.00,"6,050.00",2024-03-28
1332,HRL,2024032805002618,65,6,20.00,605.00,"12,100.00",2024-03-28
1333,HRL,2024032805002619,65,35,10.00,605.00,"6,050.00",2024-03-28
1334,HRL,2024032805002620,65,29,100.00,605.00,"60,500.00",2024-03-28
1335,HRL,2024032805002621,65,42,100.00,605.00,"60,500.00",2024-03-28
1336,HRL,2024032805002622,65,58,20.00,605.00,"12,100.00",2024-03-28
1337,HRL,2024032805002623,65,45,10.00,605.00,"6,050.00",2024-03-28
1338,HRL,2024032805002624,65,38,20.00,605.00,"12,100.00",2024-03-28
1339,HRL,2024032805002625,65,50,20.00,605.00,"12,100.00",2024-03-28
1340,HRL,2024032805002626,65,8,10.00,605.00,"6,050.00",2024-03-28
1341,HRL,2024032805002627,65,34,10.00,605.00,"6,050.00",2024-03-28
1342,HRL,2024032805002628,65,11,10.00,605.00,"6,050.00",2024-03-28
1343,HRL,2024032805002629,65,54,10.00,605.00,"6,050.00",2024-03-28
1344,HRL,2024032805002630,65,49,50.00,605.00,"30,250.00",2024-03-28
1345,HRL,2024032805002631,65,42,10.00,605.00,"6,050.00",2024-03-28
1346,HRL,2024032805002632,65,1,10.00,605.00,"6,050.00",2024-03-28
1347,HRL,2024032805002633,65,42,10.00,605.00,"6,050.00",2024-03-28
1348,HRL,2024032805002634,65,58,10.00,605.00,"6,050.00",2024-03-28
1349,HRL,2024032805002635,65,42,30.00,605.00,"18,150.00",2024-03-28
1350,HRL,2024032805002636,65,22,20.00,605.00,"12,100.00",2024-03-28
1351,HRL,2024032805002637,65,35,40.00,605.00,"24,200.00",2024-03-28
1352,HRL,2024032805002638,65,45,10.00,605.00,"6,050.00",2024-03-28
1353,HRL,2024032805002639,65,42,10.00,605.00,"6,050.00",2024-03-28
1354,HRL,2024032805002640,65,42,100.00,605.00,"60,500.00",2024-03-28
1355,HRL,2024032805002641,65,7,10.00,605.00,"6,050.00",2024-03-28
1356,HRL,2024032805002642,65,58,10.00,605.00,"6,050.00",2024-03-28
1357,HRL,2024032805002643,65,17,10.00,605.00,"6,050.00",2024-03-28
1358,HRL,2024032805002644,65,32,10.00,605.00,"6,050.00",2024-03-28
1359,HRL,2024032805002646,48,50,10.00,605.70,"6,057.00",2024-03-28
1360,HRL,2024032805002647,48,32,10.00,606.00,"6,060.00",2024-03-28
1361,HRL,2024032805002648,48,42,20.00,606.00,"12,120.00",2024-03-28
1362,HRL,2024032805002649,48,58,10.00,606.00,"6,060.00",2024-03-28
1363,HRL,2024032805002650,48,6,10.00,606.00,"6,060.00",2024-03-28
1364,HRL,2024032805002651,48,49,20.00,606.00,"12,120.00",2024-03-28
1365,HRL,2024032805002652,48,35,10.00,606.00,"6,060.00",2024-03-28
1366,HRL,2024032805002653,48,52,10.00,606.00,"6,060.00",2024-03-28
1367,HRL,2024032805002654,48,35,30.00,606.00,"18,180.00",2024-03-28
1368,HRL,2024032805002655,48,38,20.00,606.00,"12,120.00",2024-03-28
1369,HRL,2024032805002656,48,42,10.00,606.00,"6,060.00",2024-03-28
1370,HRL,2024032805002657,48,35,10.00,606.00,"6,060.00",2024-03-28
1371,HRL,2024032805002658,48,58,30.00,606.00,"18,180.00",2024-03-28
1372,HRL,2024032805002660,43,58,20.00,606.00,"12,120.00",2024-03-28
1373,HRL,2024032805002661,43,52,20.00,606.00,"12,120.00",2024-03-28
1374,HRL,2024032805002662,25,52,90.00,606.00,"54,540.00",2024-03-28
1375,HRL,2024032805002663,25,38,10.00,606.00,"6,060.00",2024-03-28
1376,HRL,2024032805002666,65,17,40.00,605.00,"24,200.00",2024-03-28
1377,HRL,2024032805002667,57,57,10.00,606.00,"6,060.00",2024-03-28
1378,HRL,2024032805002668,57,45,10.00,606.00,"6,060.00",2024-03-28
1379,HRL,2024032805002669,57,35,10.00,606.00,"6,060.00",2024-03-28
1380,HRL,2024032805002670,57,58,10.00,606.00,"6,060.00",2024-03-28
1381,HRL,2024032805002671,57,49,10.00,606.00,"6,060.00",2024-03-28
1382,HRL,2024032805002672,65,49,10.00,605.00,"6,050.00",2024-03-28
1383,HRL,2024032805002673,17,49,10.00,606.00,"6,060.00",2024-03-28
1384,HRL,2024032805002674,17,49,10.00,606.00,"6,060.00",2024-03-28
1385,HRL,2024032805002675,17,11,10.00,606.00,"6,060.00",2024-03-28
1386,HRL,2024032805002681,65,21,10.00,605.00,"6,050.00",2024-03-28
1387,HRL,2024032805002686,65,49,20.00,605.00,"12,100.00",2024-03-28
1388,HRL,2024032805002687,65,57,10.00,605.00,"6,050.00",2024-03-28
1389,HRL,2024032805002689,10,58,10.00,605.50,"6,055.00",2024-03-28
1390,HRL,2024032805002690,10,35,10.00,606.00,"6,060.00",2024-03-28
1391,HRL,2024032805002691,10,21,80.00,606.50,"48,520.00",2024-03-28
1392,HRL,2024032805002692,65,49,10.00,605.00,"6,050.00",2024-03-28
1393,HRL,2024032805002694,65,35,10.00,605.00,"6,050.00",2024-03-28
1394,HRL,2024032805002695,65,45,40.00,605.00,"24,200.00",2024-03-28
1395,HRL,2024032805002696,65,49,10.00,605.00,"6,050.00",2024-03-28
1396,HRL,2024032805002701,65,52,10.00,605.00,"6,050.00",2024-03-28
1397,HRL,2024032805002702,45,58,10.00,605.10,"6,051.00",2024-03-28
1398,HRL,2024032805002703,82,21,24.00,606.50,"14,556.00",2024-03-28
1399,HRL,2024032805002704,82,4,150.00,606.80,"91,020.00",2024-03-28
1400,HRL,2024032805002705,82,38,20.00,607.00,"12,140.00",2024-03-28
1401,HRL,2024032805002706,82,14,10.00,607.00,"6,070.00",2024-03-28
1402,HRL,2024032805002707,82,58,10.00,607.00,"6,070.00",2024-03-28
1403,HRL,2024032805002708,82,18,10.00,607.00,"6,070.00",2024-03-28
1404,HRL,2024032805002709,82,22,10.00,607.00,"6,070.00",2024-03-28
1405,HRL,2024032805002710,82,7,10.00,607.00,"6,070.00",2024-03-28
1406,HRL,2024032805002711,82,58,10.00,607.00,"6,070.00",2024-03-28
1407,HRL,2024032805002712,82,57,20.00,607.00,"12,140.00",2024-03-28
1408,HRL,2024032805002714,45,32,20.00,605.10,"12,102.00",2024-03-28
1409,HRL,2024032805002715,45,44,10.00,605.10,"6,051.00",2024-03-28
1410,HRL,2024032805002716,45,19,10.00,605.10,"6,051.00",2024-03-28
1411,HRL,2024032805002719,45,45,30.00,605.10,"18,153.00",2024-03-28
1412,HRL,2024032805002722,45,7,10.00,605.10,"6,051.00",2024-03-28
1413,HRL,2024032805002723,45,41,10.00,605.10,"6,051.00",2024-03-28
1414,HRL,2024032805002724,45,91,10.00,605.10,"6,051.00",2024-03-28
1415,HRL,2024032805002733,45,41,10.00,605.10,"6,051.00",2024-03-28
1416,HRL,2024032805002734,45,29,10.00,605.10,"6,051.00",2024-03-28
1417,HRL,2024032805002736,45,8,10.00,605.10,"6,051.00",2024-03-28
1418,HRL,2024032805002741,45,17,10.00,605.10,"6,051.00",2024-03-28
1419,HRL,2024032805002743,45,47,40.00,605.10,"24,204.00",2024-03-28
1420,HRL,2024032805002744,25,1,20.00,605.20,"12,104.00",2024-03-28
1421,HRL,2024032805002745,25,37,10.00,606.00,"6,060.00",2024-03-28
1422,HRL,2024032805002746,25,48,20.00,606.00,"12,120.00",2024-03-28
1423,HRL,2024032805002748,25,21,10.00,606.00,"6,060.00",2024-03-28
1424,HRL,2024032805002753,25,21,10.00,606.00,"6,060.00",2024-03-28
1425,HRL,2024032805002754,25,35,10.00,606.00,"6,060.00",2024-03-28
1426,HRL,2024032805002757,25,21,10.00,606.00,"6,060.00",2024-03-28
1427,HRL,2024032805002758,49,35,200.00,607.00,"121,400.00",2024-03-28
1428,HRL,2024032805002759,49,43,10.00,607.00,"6,070.00",2024-03-28
1429,HRL,2024032805002760,49,44,10.00,607.00,"6,070.00",2024-03-28
1430,HRL,2024032805002761,49,35,10.00,607.00,"6,070.00",2024-03-28
1431,HRL,2024032805002762,49,1,10.00,607.00,"6,070.00",2024-03-28
1432,HRL,2024032805002763,49,42,10.00,607.00,"6,070.00",2024-03-28
1433,HRL,2024032805002764,49,44,10.00,607.00,"6,070.00",2024-03-28
1434,HRL,2024032805002765,49,51,10.00,607.00,"6,070.00",2024-03-28
1435,HRL,2024032805002766,49,42,10.00,607.00,"6,070.00",2024-03-28
1436,HRL,2024032805002767,49,42,10.00,607.00,"6,070.00",2024-03-28
1437,HRL,2024032805002768,49,42,10.00,607.00,"6,070.00",2024-03-28
1438,HRL,2024032805002769,49,42,10.00,607.00,"6,070.00",2024-03-28
1439,HRL,2024032805002770,49,58,10.00,607.00,"6,070.00",2024-03-28
1440,HRL,2024032805002771,49,57,20.00,607.00,"12,140.00",2024-03-28
1441,HRL,2024032805002772,49,57,10.00,607.00,"6,070.00",2024-03-28
1442,HRL,2024032805002773,49,42,10.00,607.00,"6,070.00",2024-03-28
1443,HRL,2024032805002774,49,57,20.00,607.00,"12,140.00",2024-03-28
1444,HRL,2024032805002775,49,38,100.00,607.00,"60,700.00",2024-03-28
1445,HRL,2024032805002776,49,58,10.00,607.00,"6,070.00",2024-03-28
1446,HRL,2024032805002778,25,58,10.00,606.00,"6,060.00",2024-03-28
1447,HRL,2024032805002787,38,58,10.00,605.20,"6,052.00",2024-03-28
1448,HRL,2024032805002788,38,45,20.00,605.20,"12,104.00",2024-03-28
1449,HRL,2024032805002789,38,95,20.00,605.20,"12,104.00",2024-03-28
1450,HRL,2024032805002790,38,57,10.00,605.20,"6,052.00",2024-03-28
1451,HRL,2024032805002805,38,58,20.00,605.20,"12,104.00",2024-03-28
1452,HRL,2024032805002808,38,49,10.00,605.20,"6,052.00",2024-03-28
1453,HRL,2024032805002809,41,34,50.00,605.90,"30,295.00",2024-03-28
1454,HRL,2024032805002816,38,57,10.00,605.20,"6,052.00",2024-03-28
1455,HRL,2024032805002817,21,49,10.00,605.20,"6,052.00",2024-03-28
1456,HRL,2024032805002818,21,29,20.00,605.20,"12,104.00",2024-03-28
1457,HRL,2024032805002819,58,29,10.00,605.20,"6,052.00",2024-03-28
1458,HRL,2024032805002821,42,29,100.00,605.20,"60,520.00",2024-03-28
1459,HRL,2024032805002822,45,58,10.00,605.10,"6,051.00",2024-03-28
1460,HRL,2024032805002826,45,58,10.00,605.10,"6,051.00",2024-03-28
1461,HRL,2024032805002832,41,29,70.00,605.20,"42,364.00",2024-03-28
1462,HRL,2024032805002833,41,49,10.00,605.20,"6,052.00",2024-03-28
1463,HRL,2024032805002843,41,29,10.00,605.20,"6,052.00",2024-03-28
1464,HRL,2024032805002847,38,17,10.00,605.30,"6,053.00",2024-03-28
1465,HRL,2024032805002848,55,25,10.00,606.00,"6,060.00",2024-03-28
1466,HRL,2024032805002849,55,22,100.00,606.00,"60,600.00",2024-03-28
1467,HRL,2024032805002850,55,54,10.00,606.00,"6,060.00",2024-03-28
1468,HRL,2024032805002851,55,26,20.00,606.00,"12,120.00",2024-03-28
1469,HRL,2024032805002856,55,42,10.00,607.00,"6,070.00",2024-03-28
1470,HRL,2024032805002857,55,38,15.00,607.00,"9,105.00",2024-03-28
1471,HRL,2024032805002858,55,49,10.00,607.00,"6,070.00",2024-03-28
1472,HRL,2024032805002859,55,44,30.00,607.00,"18,210.00",2024-03-28
1473,HRL,2024032805002860,55,16,20.00,607.00,"12,140.00",2024-03-28
1474,HRL,2024032805002861,55,49,10.00,607.00,"6,070.00",2024-03-28
1475,HRL,2024032805002863,55,4,10.00,607.00,"6,070.00",2024-03-28
1476,HRL,2024032805002864,55,8,30.00,607.00,"18,210.00",2024-03-28
1477,HRL,2024032805002865,55,45,10.00,607.00,"6,070.00",2024-03-28
1478,HRL,2024032805002866,55,58,20.00,607.00,"12,140.00",2024-03-28
1479,HRL,2024032805002867,55,57,100.00,607.00,"60,700.00",2024-03-28
1480,HRL,2024032805002870,51,44,10.00,607.20,"6,072.00",2024-03-28
1481,HRL,2024032805002871,51,34,10.00,607.20,"6,072.00",2024-03-28
1482,HRL,2024032805002872,51,21,10.00,607.20,"6,072.00",2024-03-28
1483,HRL,2024032805002873,51,34,10.00,607.50,"6,075.00",2024-03-28
1484,HRL,2024032805002874,51,44,50.00,607.50,"30,375.00",2024-03-28
1485,HRL,2024032805002875,51,55,30.00,607.80,"18,234.00",2024-03-28
1486,HRL,2024032805002876,51,36,200.00,607.80,"121,560.00",2024-03-28
1487,HRL,2024032805002877,51,49,10.00,607.80,"6,078.00",2024-03-28
1488,HRL,2024032805002878,51,45,70.00,607.90,"42,553.00",2024-03-28
1489,HRL,2024032805002879,51,58,10.00,607.90,"6,079.00",2024-03-28
1490,HRL,2024032805002880,51,58,10.00,607.90,"6,079.00",2024-03-28
1491,HRL,2024032805002881,51,58,10.00,607.90,"6,079.00",2024-03-28
1492,HRL,2024032805002882,51,7,10.00,607.90,"6,079.00",2024-03-28
1493,HRL,2024032805002883,41,19,20.00,608.00,"12,160.00",2024-03-28
1494,HRL,2024032805002884,41,16,100.00,608.00,"60,800.00",2024-03-28
1495,HRL,2024032805002885,41,42,20.00,608.00,"12,160.00",2024-03-28
1496,HRL,2024032805002886,41,46,10.00,608.00,"6,080.00",2024-03-28
1497,HRL,2024032805002887,41,58,30.00,608.00,"18,240.00",2024-03-28
1498,HRL,2024032805002888,41,34,10.00,608.00,"6,080.00",2024-03-28
